SecurityID,TradingTime,TradePrice,TradeVolume,TradeValue,OrderNo,OfferNo,TradeNo,ChannelCode,SBMark,SerialNo,SendingTime
600519,2023-03-21 09:25:00.370,1735.0,100,173500.0,40052,118835,13244,6,N,106195,20230321092500
600519,2023-03-21 09:25:00.370,1735.0,100,173500.0,120770,119961,13245,6,N,106196,20230321092500
600519,2023-03-21 09:25:00.370,1735.0,100,173500.0,134784,141908,13246,6,N,106197,20230321092500
600519,2023-03-21 09:25:00.370,1735.0,100,173500.0,148273,162296,13247,6,N,106198,20230321092500
600519,2023-03-21 09:25:00.370,1735.0,100,173500.0,148273,133851,13248,6,N,106199,20230321092500
600519,2023-03-21 09:25:00.370,1735.0,100,173500.0,151339,133851,13249,6,N,106200,20230321092500
600519,2023-03-21 09:25:00.370,1735.0,200,347000.0,164136,39790,13250,6,N,106201,20230321092500
600519,2023-03-21 09:25:00.370,1735.0,100,173500.0,164136,120466,13251,6,N,106202,20230321092500
600519,2023-03-21 09:25:00.370,1735.0,100,173500.0,164785,135554,13252,6,N,106203,20230321092500
600519,2023-03-21 09:25:00.370,1735.0,100,173500.0,177430,148004,13253,6,N,106204,20230321092500
600519,2023-03-21 09:25:00.370,1735.0,100,173500.0,184318,148004,13254,6,N,106205,20230321092500
600519,2023-03-21 09:25:00.370,1735.0,100,173500.0,221739,164125,13255,6,N,106206,20230321092500
600519,2023-03-21 09:25:00.370,1735.0,200,347000.0,183781,176699,13256,6,N,106207,20230321092500
600519,2023-03-21 09:25:00.370,1735.0,100,173500.0,183832,179759,13257,6,N,106208,20230321092500
600519,2023-03-21 09:25:00.370,1735.0,100,173500.0,183858,183769,13258,6,N,106209,20230321092500
600519,2023-03-21 09:25:00.370,1735.0,100,173500.0,183858,183838,13259,6,N,106210,20230321092500
600519,2023-03-21 09:25:00.370,1735.0,100,173500.0,183858,183958,13260,6,N,106211,20230321092500
600519,2023-03-21 09:25:00.370,1735.0,100,173500.0,183858,191009,13261,6,N,106212,20230321092500
600519,2023-03-21 09:25:00.370,1735.0,100,173500.0,183858,197339,13262,6,N,106213,20230321092500
600519,2023-03-21 09:25:00.370,1735.0,100,173500.0,183858,202233,13263,6,N,106214,20230321092500
600519,2023-03-21 09:25:00.370,1735.0,100,173500.0,183858,213412,13264,6,N,106215,20230321092500
600519,2023-03-21 09:25:00.370,1735.0,100,173500.0,183858,162901,13265,6,N,106216,20230321092500
600519,2023-03-21 09:25:00.370,1735.0,100,173500.0,184216,162936,13266,6,N,106217,20230321092500
600519,2023-03-21 09:25:00.370,1735.0,100,173500.0,204391,217381,13267,6,N,106218,20230321092500
600519,2023-03-21 09:25:00.370,1735.0,100,173500.0,204391,217455,13268,6,N,106219,20230321092500
600519,2023-03-21 09:25:00.370,1735.0,100,173500.0,204391,217467,13269,6,N,106220,20230321092500
600519,2023-03-21 09:25:00.370,1735.0,100,173500.0,204391,217512,13270,6,N,106221,20230321092500
600519,2023-03-21 09:25:00.370,1735.0,100,173500.0,216283,217531,13271,6,N,106222,20230321092500
600519,2023-03-21 09:25:00.370,1735.0,100,173500.0,216283,217691,13272,6,N,106223,20230321092500
600519,2023-03-21 09:25:00.370,1735.0,100,173500.0,216283,192619,13273,6,N,106224,20230321092500
600519,2023-03-21 09:25:00.370,1735.0,100,173500.0,216283,215605,13274,6,N,106225,20230321092500
600519,2023-03-21 09:25:00.370,1735.0,100,173500.0,219347,215605,13275,6,N,106226,20230321092500
600519,2023-03-21 09:25:00.370,1735.0,100,173500.0,162934,215605,13276,6,N,106227,20230321092500
600519,2023-03-21 09:25:00.370,1735.0,100,173500.0,180477,215605,13277,6,N,106228,20230321092500
600519,2023-03-21 09:25:00.370,1735.0,100,173500.0,202492,179333,13278,6,N,106229,20230321092500
600519,2023-03-21 09:25:00.370,1735.0,100,173500.0,215236,102398,13279,6,N,106230,20230321092500
600519,2023-03-21 09:25:00.370,1735.0,100,173500.0,119557,78756,13280,6,N,106231,20230321092500
600519,2023-03-21 09:25:00.370,1735.0,100,173500.0,136344,202077,13281,6,N,106232,20230321092500
600519,2023-03-21 09:25:00.370,1735.0,200,347000.0,220307,202077,13282,6,N,106233,20230321092500
600519,2023-03-21 09:25:00.370,1735.0,100,173500.0,220835,174844,13283,6,N,106234,20230321092500
600519,2023-03-21 09:25:00.370,1735.0,100,173500.0,18946,210935,13284,6,N,106235,20230321092500
600519,2023-03-21 09:25:00.370,1735.0,100,173500.0,217675,223140,13285,6,N,106236,20230321092500
600519,2023-03-21 09:25:00.370,1735.0,100,173500.0,217675,120344,13286,6,N,106237,20230321092500
600519,2023-03-21 09:25:00.370,1735.0,200,347000.0,217675,197872,13287,6,N,106238,20230321092500
600519,2023-03-21 09:25:00.370,1735.0,100,173500.0,217675,12636,13288,6,N,106239,20230321092500
600519,2023-03-21 09:25:00.370,1735.0,100,173500.0,217675,91185,13289,6,N,106240,20230321092500
600519,2023-03-21 09:25:00.370,1735.0,100,173500.0,222909,129544,13290,6,N,106241,20230321092500
600519,2023-03-21 09:25:00.370,1735.0,100,173500.0,222909,205278,13291,6,N,106242,20230321092500
600519,2023-03-21 09:25:00.370,1735.0,200,347000.0,222909,190658,13292,6,N,106243,20230321092500
600519,2023-03-21 09:25:00.370,1735.0,100,173500.0,222909,192748,13293,6,N,106244,20230321092500
600519,2023-03-21 09:25:00.370,1735.0,100,173500.0,222909,206829,13294,6,N,106245,20230321092500
600519,2023-03-21 09:25:00.370,1735.0,400,694000.0,188499,206829,13295,6,N,106246,20230321092500
600519,2023-03-21 09:25:00.370,1735.0,300,520500.0,188499,209641,13296,6,N,106247,20230321092500
600519,2023-03-21 09:25:00.370,1735.0,300,520500.0,188499,212965,13297,6,N,106248,20230321092500
600519,2023-03-21 09:25:00.370,1735.0,100,173500.0,188499,219088,13298,6,N,106249,20230321092500
600519,2023-03-21 09:25:00.370,1735.0,100,173500.0,188499,183920,13299,6,N,106250,20230321092500
600519,2023-03-21 09:25:00.370,1735.0,100,173500.0,199709,183920,13300,6,N,106251,20230321092500
600519,2023-03-21 09:25:00.370,1735.0,200,347000.0,223173,1090,13301,6,N,106252,20230321092500
600519,2023-03-21 09:25:00.370,1735.0,100,173500.0,215590,1091,13302,6,N,106253,20230321092500
600519,2023-03-21 09:25:00.370,1735.0,100,173500.0,204926,1091,13303,6,N,106254,20230321092500
600519,2023-03-21 09:25:00.370,1735.0,100,173500.0,18447,1092,13304,6,N,106255,20230321092500
600519,2023-03-21 09:25:00.370,1735.0,100,173500.0,102229,1092,13305,6,N,106256,20230321092500
600519,2023-03-21 09:25:00.370,1735.0,200,347000.0,102229,1093,13306,6,N,106257,20230321092500
600519,2023-03-21 09:25:00.370,1735.0,200,347000.0,102229,1094,13307,6,N,106258,20230321092500
600519,2023-03-21 09:25:00.370,1735.0,100,173500.0,125558,1095,13308,6,N,106259,20230321092500
600519,2023-03-21 09:25:00.370,1735.0,100,173500.0,127151,1095,13309,6,N,106260,20230321092500
600519,2023-03-21 09:25:00.370,1735.0,53,91955.0,134306,1095,13310,6,N,106261,20230321092500
600519,2023-03-21 09:25:00.370,1735.0,147,255045.0,134306,1096,13311,6,N,106262,20230321092500
600519,2023-03-21 09:25:00.370,1735.0,53,91955.0,207653,1096,13312,6,N,106263,20230321092500
600519,2023-03-21 09:25:00.370,1735.0,200,347000.0,207653,1100,13313,6,N,106264,20230321092500
600519,2023-03-21 09:25:00.370,1735.0,147,255045.0,207653,1101,13314,6,N,106265,20230321092500
600519,2023-03-21 09:25:00.370,1735.0,53,91955.0,221153,1101,13315,6,N,106266,20230321092500
600519,2023-03-21 09:25:00.370,1735.0,200,347000.0,221153,1102,13316,6,N,106267,20230321092500
600519,2023-03-21 09:25:00.370,1735.0,100,173500.0,221153,168555,13317,6,N,106268,20230321092500
600519,2023-03-21 09:25:00.370,1735.0,100,173500.0,221153,170363,13318,6,N,106269,20230321092500
600519,2023-03-21 09:25:00.370,1735.0,100,173500.0,221153,176249,13319,6,N,106270,20230321092500
600519,2023-03-21 09:25:00.370,1735.0,100,173500.0,221153,179513,13320,6,N,106271,20230321092500
600519,2023-03-21 09:25:00.370,1735.0,100,173500.0,221153,183174,13321,6,N,106272,20230321092500
600519,2023-03-21 09:25:00.370,1735.0,47,81545.0,221153,184085,13322,6,N,106273,20230321092500
600519,2023-03-21 09:25:00.370,1735.0,53,91955.0,102245,184085,13323,6,N,106274,20230321092500
600519,2023-03-21 09:25:00.370,1735.0,47,81545.0,102245,185495,13324,6,N,106275,20230321092500
600519,2023-03-21 09:25:00.370,1735.0,53,91955.0,219729,185495,13325,6,N,106276,20230321092500
600519,2023-03-21 09:25:00.370,1735.0,200,347000.0,219729,138542,13326,6,N,106277,20230321092500
600519,2023-03-21 09:25:00.370,1735.0,100,173500.0,219729,174010,13327,6,N,106278,20230321092500
600519,2023-03-21 09:25:00.370,1735.0,100,173500.0,219729,198579,13328,6,N,106279,20230321092500
600519,2023-03-21 09:25:00.370,1735.0,100,173500.0,219729,192505,13329,6,N,106280,20230321092500
600519,2023-03-21 09:25:00.370,1735.0,100,173500.0,219729,196299,13330,6,N,106281,20230321092500
600519,2023-03-21 09:25:00.370,1735.0,100,173500.0,219729,211659,13331,6,N,106282,20230321092500
600519,2023-03-21 09:25:00.370,1735.0,100,173500.0,219729,199034,13332,6,N,106283,20230321092500
600519,2023-03-21 09:25:00.370,1735.0,100,173500.0,219729,199320,13333,6,N,106284,20230321092500
600519,2023-03-21 09:25:00.370,1735.0,100,173500.0,219729,201797,13334,6,N,106285,20230321092500
600519,2023-03-21 09:25:00.370,1735.0,100,173500.0,219729,202872,13335,6,N,106286,20230321092500
600519,2023-03-21 09:25:00.370,1735.0,100,173500.0,219729,210728,13336,6,N,106287,20230321092500
600519,2023-03-21 09:25:00.370,1735.0,100,173500.0,219729,193087,13337,6,N,106288,20230321092500
600519,2023-03-21 09:25:00.370,1735.0,100,173500.0,219729,204298,13338,6,N,106289,20230321092500
600519,2023-03-21 09:25:00.370,1735.0,100,173500.0,219729,214202,13339,6,N,106290,20230321092500
600519,2023-03-21 09:25:00.370,1735.0,200,347000.0,219729,214489,13340,6,N,106291,20230321092500
600519,2023-03-21 09:25:00.370,1735.0,47,81545.0,219729,219236,13341,6,N,106292,20230321092500
600519,2023-03-21 09:25:00.370,1735.0,53,91955.0,196445,219236,13342,6,N,106293,20230321092500
600519,2023-03-21 09:25:00.370,1735.0,47,81545.0,196445,222301,13343,6,N,106294,20230321092500
600519,2023-03-21 09:25:00.370,1735.0,100,173500.0,203723,222301,13344,6,N,106295,20230321092500
600519,2023-03-21 09:25:00.370,1735.0,100,173500.0,220839,222301,13345,6,N,106296,20230321092500
600519,2023-03-21 09:25:00.370,1735.0,53,91955.0,184270,222301,13346,6,N,106297,20230321092500
600519,2023-03-21 09:25:00.370,1735.0,47,81545.0,184270,217167,13347,6,N,106298,20230321092500
600519,2023-03-21 09:25:00.370,1735.0,53,91955.0,196938,217167,13348,6,N,106299,20230321092500
600519,2023-03-21 09:25:00.370,1735.0,100,173500.0,196938,221581,13349,6,N,106300,20230321092500
600519,2023-03-21 09:25:00.370,1735.0,100,173500.0,196938,223470,13350,6,N,106301,20230321092500
600519,2023-03-21 09:25:00.370,1735.0,100,173500.0,196938,190129,13351,6,N,106302,20230321092500
600519,2023-03-21 09:25:00.370,1735.0,100,173500.0,196938,212790,13352,6,N,106303,20230321092500
600519,2023-03-21 09:25:00.370,1735.0,100,173500.0,196938,215881,13353,6,N,106304,20230321092500
600519,2023-03-21 09:25:00.370,1735.0,100,173500.0,196938,218660,13354,6,N,106305,20230321092500
600519,2023-03-21 09:30:00.030,1735.8,100,173580.0,224052,171161,27349,6,B,257240,20230321092957
600519,2023-03-21 09:30:00.070,1736.0,100,173600.0,224110,63363,27418,6,B,257365,20230321092957
600519,2023-03-21 09:30:00.070,1736.0,400,694400.0,224110,153166,27419,6,B,257366,20230321092957
600519,2023-03-21 09:30:00.070,1736.0,100,173600.0,224110,195278,27420,6,B,257367,20230321092957
600519,2023-03-21 09:30:00.070,1736.0,100,173600.0,224110,216942,27421,6,B,257368,20230321092957
600519,2023-03-21 09:30:00.220,1736.0,100,173600.0,224110,224819,28151,6,S,258718,20230321092957
600519,2023-03-21 09:30:00.270,1735.0,100,173500.0,196938,225510,28387,6,S,259600,20230321092957
600519,2023-03-21 09:30:00.820,1735.0,100,173500.0,196938,228082,29341,6,S,262926,20230321093000
600519,2023-03-21 09:30:00.940,1735.0,100,173500.0,196938,229421,29724,6,S,264545,20230321093000
600519,2023-03-21 09:30:01.950,1736.0,100,173600.0,241468,227630,33470,6,B,279423,20230321093000
600519,2023-03-21 09:30:01.950,1735.8,100,173580.0,233412,241912,33625,6,S,279939,20230321093000
600519,2023-03-21 09:30:02.090,1735.8,100,173580.0,239065,243783,34144,6,S,282080,20230321093000
600519,2023-03-21 09:30:02.090,1735.8,200,347160.0,243645,243783,34145,6,S,282081,20230321093000
600519,2023-03-21 09:30:02.470,1735.5,100,173550.0,237287,247879,35350,6,S,286919,20230321093000
600519,2023-03-21 09:30:02.470,1735.05,100,173505.0,247376,248255,35480,6,S,287348,20230321093000
600519,2023-03-21 09:30:02.600,1735.05,100,173505.0,247376,250520,36201,6,S,290153,20230321093000
600519,2023-03-21 09:30:02.740,1735.33,100,173533.0,251065,248865,36364,6,B,290830,20230321093000
600519,2023-03-21 09:30:02.870,1735.05,100,173505.0,247376,254287,37305,6,S,294662,20230321093003
600519,2023-03-21 09:30:02.870,1735.02,100,173502.0,247139,254287,37306,6,S,294663,20230321093003
600519,2023-03-21 09:30:03.000,1735.33,100,173533.0,254835,248866,37483,6,B,295315,20230321093003
600519,2023-03-21 09:30:03.150,1735.02,100,173502.0,247139,257743,38402,6,S,298915,20230321093003
600519,2023-03-21 09:30:03.150,1735.01,100,173501.0,248838,257822,38433,6,S,299009,20230321093003
600519,2023-03-21 09:30:03.740,1735.0,100,173500.0,196938,264235,40413,6,S,306772,20230321093003
600519,2023-03-21 09:30:03.880,1735.33,100,173533.0,266264,260968,41004,6,B,309249,20230321093003
600519,2023-03-21 09:30:04.080,1735.33,100,173533.0,268166,260969,41538,6,B,311481,20230321093003
600519,2023-03-21 09:30:04.080,1735.33,100,173533.0,268935,266321,41778,6,B,312379,20230321093003
600519,2023-03-21 09:30:04.390,1736.0,100,173600.0,271187,233794,42425,6,B,315027,20230321093003
600519,2023-03-21 09:30:04.470,1735.0,100,173500.0,196938,272026,42703,6,S,316020,20230321093003
600519,2023-03-21 09:30:04.470,1735.0,200,347000.0,196938,273285,43031,6,S,317473,20230321093003
600519,2023-03-21 09:30:04.740,1735.8,100,173580.0,275581,273491,43762,6,B,320292,20230321093003
600519,2023-03-21 09:30:04.740,1735.0,47,81545.0,196938,276689,44073,6,S,321608,20230321093003
600519,2023-03-21 09:30:04.740,1735.0,53,91955.0,207338,276689,44074,6,S,321609,20230321093003
600519,2023-03-21 09:30:05.020,1735.0,200,347000.0,207338,280046,45198,6,S,325675,20230321093003
600519,2023-03-21 09:30:05.020,1735.0,100,173500.0,207338,280189,45241,6,S,325839,20230321093003
600519,2023-03-21 09:30:05.320,1735.81,100,173581.0,282204,284352,46880,6,S,331145,20230321093003
600519,2023-03-21 09:30:05.440,1735.97,100,173597.0,284643,273743,47016,6,B,331541,20230321093006
600519,2023-03-21 09:30:05.440,1736.5,100,173650.0,284643,192900,47017,6,B,331542,20230321093006
600519,2023-03-21 09:30:05.440,1736.5,100,173650.0,284643,246510,47018,6,B,331543,20230321093006
600519,2023-03-21 09:30:05.440,1736.5,100,173650.0,284643,280278,47019,6,B,331544,20230321093006
600519,2023-03-21 09:30:05.440,1735.81,100,173581.0,282204,285539,47290,6,S,332637,20230321093006
600519,2023-03-21 09:30:05.440,1735.8,100,173580.0,282630,285589,47311,6,S,332707,20230321093006
600519,2023-03-21 09:30:05.570,1735.08,200,347016.0,280681,286496,47621,6,S,333803,20230321093006
600519,2023-03-21 09:30:05.570,1735.0,100,173500.0,207338,286496,47622,6,S,333804,20230321093006
600519,2023-03-21 09:30:05.570,1735.0,500,867500.0,207338,286498,47623,6,S,333806,20230321093006
600519,2023-03-21 09:30:05.710,1735.86,100,173586.0,288173,288349,48148,6,S,335965,20230321093006
600519,2023-03-21 09:30:05.850,1735.88,100,173588.0,288374,290194,48757,6,S,338173,20230321093006
600519,2023-03-21 09:30:05.980,1735.88,100,173588.0,288804,291947,49471,6,S,340426,20230321093006
600519,2023-03-21 09:30:05.980,1735.8,100,173580.0,287031,291947,49472,6,S,340427,20230321093006
600519,2023-03-21 09:30:05.980,1735.0,100,173500.0,207338,292100,49525,6,S,340628,20230321093006
600519,2023-03-21 09:30:06.270,1735.9,100,173590.0,295228,296185,50873,6,S,345537,20230321093006
600519,2023-03-21 09:30:06.430,1735.9,100,173590.0,295228,297788,51476,6,S,347563,20230321093006
600519,2023-03-21 09:30:06.430,1735.9,100,173590.0,295228,298257,51637,6,S,348124,20230321093006
600519,2023-03-21 09:30:06.570,1735.9,100,173590.0,295228,299242,51967,6,S,349325,20230321093006
600519,2023-03-21 09:30:06.570,1736.0,100,173600.0,300078,287920,52292,6,B,350411,20230321093006
600519,2023-03-21 09:30:07.060,1735.9,100,173590.0,295228,305571,54235,6,S,357268,20230321093006
600519,2023-03-21 09:30:07.250,1735.9,100,173590.0,295228,307592,54883,6,S,359639,20230321093006
600519,2023-03-21 09:30:07.380,1735.9,600,1041540.0,295228,309498,55461,6,S,361874,20230321093006
600519,2023-03-21 09:30:07.510,1735.88,100,173588.0,307226,310667,55870,6,S,363302,20230321093006
600519,2023-03-21 09:30:08.050,1735.86,100,173586.0,317018,317637,58347,6,S,372059,20230321093009
600519,2023-03-21 09:30:08.200,1735.99,100,173599.0,319220,315429,58806,6,B,373960,20230321093009
600519,2023-03-21 09:30:08.200,1735.8,100,173580.0,297931,319392,58877,6,S,374188,20230321093009
600519,2023-03-21 09:30:08.200,1735.8,100,173580.0,297931,319393,58878,6,S,374189,20230321093009
600519,2023-03-21 09:30:08.430,1735.86,100,173586.0,321584,322168,59975,6,S,377758,20230321093009
600519,2023-03-21 09:30:08.440,1736.0,100,173600.0,323225,315726,60344,6,B,379125,20230321093009
600519,2023-03-21 09:30:08.560,1735.86,100,173586.0,321584,324193,60648,6,S,380290,20230321093009
600519,2023-03-21 09:30:08.630,1735.86,100,173586.0,322527,324970,60893,6,S,381241,20230321093009
600519,2023-03-21 09:30:08.770,1735.9,100,173590.0,327605,327359,61795,6,B,384589,20230321093009
600519,2023-03-21 09:30:08.770,1735.9,100,173590.0,327961,327359,61910,6,B,385022,20230321093009
600519,2023-03-21 09:30:08.940,1735.86,100,173586.0,322527,329879,62558,6,S,387464,20230321093009
600519,2023-03-21 09:30:09.220,1735.86,200,347172.0,322527,332129,63324,6,S,390298,20230321093009
600519,2023-03-21 09:30:09.220,1735.8,100,173580.0,297931,332129,63325,6,S,390299,20230321093009
600519,2023-03-21 09:30:09.220,1735.8,100,173580.0,300889,332414,63465,6,S,390717,20230321093009
600519,2023-03-21 09:30:09.360,1735.8,100,173580.0,303458,334610,64296,6,S,393569,20230321093009
600519,2023-03-21 09:30:09.510,1735.8,100,173580.0,303458,335063,64429,6,S,394094,20230321093009
600519,2023-03-21 09:30:09.580,1735.8,100,173580.0,312467,336741,64959,6,S,396213,20230321093009
600519,2023-03-21 09:30:09.720,1735.8,100,173580.0,312467,338233,65600,6,S,398092,20230321093009
600519,2023-03-21 09:30:09.720,1735.8,100,173580.0,315455,338235,65602,6,S,398094,20230321093009
600519,2023-03-21 09:30:09.720,1735.8,100,173580.0,315455,338237,65603,6,S,398097,20230321093009
600519,2023-03-21 09:30:09.720,1735.9,100,173590.0,338254,327359,65605,6,B,398117,20230321093009
600519,2023-03-21 09:30:09.720,1735.9,100,173590.0,338254,327392,65606,6,B,398118,20230321093009
600519,2023-03-21 09:30:09.720,1735.9,200,347180.0,338254,327394,65607,6,B,398119,20230321093009
600519,2023-03-21 09:30:09.720,1735.8,100,173580.0,315455,338268,65612,6,S,398134,20230321093009
600519,2023-03-21 09:30:09.720,1735.8,100,173580.0,328035,338268,65613,6,S,398135,20230321093009
600519,2023-03-21 09:30:09.720,1735.8,100,173580.0,329532,338268,65614,6,S,398136,20230321093009
600519,2023-03-21 09:30:09.720,1735.8,100,173580.0,334233,338268,65615,6,S,398137,20230321093009
600519,2023-03-21 09:30:09.720,1735.8,200,347160.0,338191,338268,65616,6,S,398138,20230321093009
600519,2023-03-21 09:30:09.720,1735.02,100,173502.0,319970,338563,65707,6,S,398482,20230321093009
600519,2023-03-21 09:30:10.130,1735.0,100,173500.0,207338,342829,67247,6,S,404057,20230321093012
600519,2023-03-21 09:30:10.290,1735.0,200,347000.0,207338,344266,67823,6,S,405949,20230321093012
600519,2023-03-21 09:30:10.670,1735.8,100,173580.0,345821,348884,69448,6,S,411867,20230321093012
600519,2023-03-21 09:30:10.670,1735.8,100,173580.0,349723,348884,69785,6,B,413040,20230321093012
600519,2023-03-21 09:30:10.810,1735.0,100,173500.0,207338,351323,70390,6,S,415122,20230321093012
600519,2023-03-21 09:30:10.950,1735.0,100,173500.0,207338,352699,70857,6,S,416882,20230321093012
600519,2023-03-21 09:30:10.950,1735.0,100,173500.0,207338,352720,70873,6,S,416914,20230321093012
600519,2023-03-21 09:30:10.950,1735.0,100,173500.0,207338,352721,70874,6,S,416915,20230321093012
600519,2023-03-21 09:30:10.950,1735.0,100,173500.0,207338,352727,70877,6,S,416923,20230321093012
600519,2023-03-21 09:30:10.950,1735.0,100,173500.0,207338,352739,70878,6,S,416936,20230321093012
600519,2023-03-21 09:30:10.950,1735.0,47,81545.0,207338,352740,70879,6,S,416937,20230321093012
600519,2023-03-21 09:30:10.950,1735.0,53,91955.0,208228,352740,70880,6,S,416938,20230321093012
600519,2023-03-21 09:30:10.950,1735.0,47,81545.0,208228,352789,70898,6,S,417004,20230321093012
600519,2023-03-21 09:30:10.950,1735.0,100,173500.0,226540,352789,70899,6,S,417005,20230321093012
600519,2023-03-21 09:30:10.950,1735.0,100,173500.0,248603,352789,70900,6,S,417006,20230321093012
600519,2023-03-21 09:30:10.950,1735.0,53,91955.0,253442,352789,70901,6,S,417007,20230321093012
600519,2023-03-21 09:30:10.950,1735.0,47,81545.0,253442,352861,70928,6,S,417103,20230321093012
600519,2023-03-21 09:30:10.950,1735.0,53,91955.0,262511,352861,70929,6,S,417104,20230321093012
600519,2023-03-21 09:30:10.950,1735.0,47,81545.0,262511,352873,70930,6,S,417116,20230321093012
600519,2023-03-21 09:30:10.950,1735.0,53,91955.0,270720,352873,70931,6,S,417117,20230321093012
600519,2023-03-21 09:30:11.080,1735.0,47,81545.0,270720,354468,71616,6,S,419352,20230321093012
600519,2023-03-21 09:30:11.080,1735.0,53,91955.0,317168,354468,71617,6,S,419353,20230321093012
600519,2023-03-21 09:30:11.210,1735.8,100,173580.0,355972,348884,72201,6,B,421321,20230321093012
600519,2023-03-21 09:30:11.210,1735.0,47,81545.0,317168,356529,72426,6,S,422090,20230321093012
600519,2023-03-21 09:30:11.210,1735.0,100,173500.0,318492,356529,72427,6,S,422091,20230321093012
600519,2023-03-21 09:30:11.210,1735.0,53,91955.0,332071,356529,72428,6,S,422092,20230321093012
600519,2023-03-21 09:30:11.210,1735.0,47,81545.0,332071,356531,72429,6,S,422095,20230321093012
600519,2023-03-21 09:30:11.210,1735.0,53,91955.0,338236,356531,72430,6,S,422096,20230321093012
600519,2023-03-21 09:30:11.360,1735.0,47,81545.0,338236,357367,72744,6,S,423187,20230321093012
600519,2023-03-21 09:30:11.360,1735.0,53,91955.0,340703,357367,72745,6,S,423188,20230321093012
600519,2023-03-21 09:30:11.360,1735.0,47,81545.0,340703,357554,72823,6,S,423463,20230321093012
600519,2023-03-21 09:30:11.360,1735.0,53,91955.0,350428,357554,72824,6,S,423464,20230321093012
600519,2023-03-21 09:30:11.360,1735.0,100,173500.0,350428,357555,72825,6,S,423465,20230321093012
600519,2023-03-21 09:30:11.360,1735.0,47,81545.0,350428,357556,72826,6,S,423466,20230321093012
600519,2023-03-21 09:30:11.360,1735.0,53,91955.0,351927,357556,72827,6,S,423467,20230321093012
600519,2023-03-21 09:30:11.360,1735.0,47,81545.0,351927,357995,72960,6,S,424007,20230321093012
600519,2023-03-21 09:30:11.360,1735.0,53,91955.0,358133,357995,73006,6,B,424174,20230321093012
600519,2023-03-21 09:30:11.360,1735.37,47,81562.39,358133,358387,73160,6,S,424552,20230321093012
600519,2023-03-21 09:30:11.510,1735.0,53,91955.0,359841,358387,73853,6,B,426608,20230321093012
600519,2023-03-21 09:30:11.510,1735.0,47,81545.0,359841,358388,73854,6,B,426609,20230321093012
600519,2023-03-21 09:30:11.960,1735.0,53,91955.0,364212,358388,75521,6,B,432430,20230321093015
600519,2023-03-21 09:30:11.960,1735.0,47,81545.0,364212,360389,75522,6,B,432431,20230321093015
600519,2023-03-21 09:30:11.960,1735.0,53,91955.0,364299,360389,75561,6,B,432544,20230321093015
600519,2023-03-21 09:30:11.960,1735.0,47,81545.0,364299,361872,75562,6,B,432545,20230321093015
600519,2023-03-21 09:30:12.080,1734.9,100,173490.0,184296,366556,76429,6,S,435547,20230321093015
600519,2023-03-21 09:30:12.330,1735.0,53,91955.0,367697,361872,76938,6,B,437126,20230321093015
600519,2023-03-21 09:30:12.330,1735.0,47,81545.0,367697,361974,76939,6,B,437127,20230321093015
600519,2023-03-21 09:30:12.330,1735.0,53,91955.0,367779,361974,76970,6,B,437252,20230321093015
600519,2023-03-21 09:30:12.330,1735.0,47,81545.0,367779,361983,76971,6,B,437253,20230321093015
600519,2023-03-21 09:30:12.330,1735.0,53,91955.0,368190,361983,77175,6,B,437841,20230321093015
600519,2023-03-21 09:30:12.330,1735.0,47,81545.0,368190,365633,77176,6,B,437842,20230321093015
600519,2023-03-21 09:30:12.460,1735.0,53,91955.0,370119,365633,77977,6,B,440442,20230321093015
600519,2023-03-21 09:30:12.460,1735.0,47,81545.0,370119,366838,77978,6,B,440443,20230321093015
600519,2023-03-21 09:30:12.870,1735.0,53,91955.0,374181,366838,79537,6,B,445916,20230321093015
600519,2023-03-21 09:30:12.870,1735.0,47,81545.0,374181,367302,79538,6,B,445917,20230321093015
600519,2023-03-21 09:30:13.050,1734.5,100,173450.0,202893,376290,80378,6,S,448836,20230321093015
600519,2023-03-21 09:30:13.050,1734.5,100,173450.0,202893,376291,80379,6,S,448837,20230321093015
600519,2023-03-21 09:30:13.050,1734.5,100,173450.0,202893,376293,80380,6,S,448839,20230321093015
600519,2023-03-21 09:30:13.330,1734.36,100,173436.0,378815,376350,81932,6,B,452696,20230321093015
600519,2023-03-21 09:30:13.430,1734.5,100,173450.0,379540,376298,82156,6,B,453655,20230321093015
600519,2023-03-21 09:30:13.560,1734.5,100,173450.0,380540,376300,82928,6,B,455436,20230321093015
600519,2023-03-21 09:30:13.560,1734.5,100,173450.0,380540,376311,82929,6,B,455437,20230321093015
600519,2023-03-21 09:30:13.730,1734.5,100,173450.0,381537,376311,83438,6,B,456935,20230321093015
600519,2023-03-21 09:30:13.780,1733.26,100,173326.0,220675,382151,83766,6,S,457812,20230321093015
600519,2023-03-21 09:30:13.780,1733.01,100,173301.0,341428,382151,83767,6,S,457813,20230321093015
600519,2023-03-21 09:30:13.920,1734.5,100,173450.0,383002,376312,84184,6,B,459003,20230321093015
600519,2023-03-21 09:30:14.000,1734.07,100,173407.0,383627,383295,84405,6,B,459856,20230321093015
600519,2023-03-21 09:30:14.000,1734.5,100,173450.0,383676,376315,84423,6,B,459939,20230321093015
600519,2023-03-21 09:30:14.270,1734.5,100,173450.0,385219,376548,85130,6,B,462130,20230321093015
600519,2023-03-21 09:30:14.270,1734.5,100,173450.0,385336,376550,85176,6,B,462304,20230321093015
600519,2023-03-21 09:30:14.500,1734.5,100,173450.0,387102,376886,85907,6,B,464742,20230321093018
600519,2023-03-21 09:30:14.550,1734.5,100,173450.0,387306,376886,85992,6,B,465043,20230321093018
600519,2023-03-21 09:30:14.590,1733.0,200,346600.0,174913,387506,86056,6,S,465297,20230321093018
600519,2023-03-21 09:30:14.710,1734.5,100,173450.0,388322,376886,86366,6,B,466542,20230321093018
600519,2023-03-21 09:30:14.750,1734.5,100,173450.0,388468,381928,86449,6,B,466787,20230321093018
600519,2023-03-21 09:30:14.880,1734.5,100,173450.0,389300,382592,86939,6,B,468070,20230321093018
600519,2023-03-21 09:30:14.920,1734.5,100,173450.0,389505,382592,87025,6,B,468364,20230321093018
600519,2023-03-21 09:30:15.110,1733.26,100,173326.0,390752,390332,87633,6,B,470269,20230321093018
600519,2023-03-21 09:30:15.300,1733.26,100,173326.0,391878,390332,88139,6,B,472010,20230321093018
600519,2023-03-21 09:30:15.340,1733.26,100,173326.0,392097,390332,88395,6,B,472456,20230321093018
600519,2023-03-21 09:30:15.740,1733.0,200,346600.0,174913,393963,89361,6,S,475323,20230321093018
600519,2023-03-21 09:30:15.800,1733.26,100,173326.0,394299,390332,89517,6,B,475836,20230321093018
600519,2023-03-21 09:30:15.870,1733.26,100,173326.0,394493,390332,89640,6,B,476156,20230321093018
600519,2023-03-21 09:30:16.000,1733.0,100,173300.0,174913,395066,89899,6,S,477087,20230321093018
600519,2023-03-21 09:30:16.000,1733.0,100,173300.0,174913,395067,89900,6,S,477088,20230321093018
600519,2023-03-21 09:30:16.000,1733.0,100,173300.0,195537,395068,89901,6,S,477093,20230321093018
600519,2023-03-21 09:30:16.000,1733.0,100,173300.0,215387,395070,89902,6,S,477095,20230321093018
600519,2023-03-21 09:30:16.000,1733.0,100,173300.0,276406,395073,89906,6,S,477099,20230321093018
600519,2023-03-21 09:30:16.000,1733.0,100,173300.0,324984,395074,89907,6,S,477101,20230321093018
600519,2023-03-21 09:30:16.000,1732.0,100,173200.0,162847,395081,89910,6,S,477114,20230321093018
600519,2023-03-21 09:30:16.000,1732.0,100,173200.0,186989,395085,89911,6,S,477122,20230321093018
600519,2023-03-21 09:30:16.000,1732.0,100,173200.0,186989,395088,89912,6,S,477135,20230321093018
600519,2023-03-21 09:30:16.000,1732.0,100,173200.0,296994,395088,89913,6,S,477136,20230321093018
600519,2023-03-21 09:30:16.150,1733.0,100,173300.0,395672,395074,90243,6,B,478081,20230321093018
600519,2023-03-21 09:30:16.150,1733.0,100,173300.0,395681,395076,90245,6,B,478091,20230321093018
600519,2023-03-21 09:30:16.150,1733.0,100,173300.0,395684,395078,90246,6,B,478094,20230321093018
600519,2023-03-21 09:30:16.560,1732.97,100,173297.0,397183,396872,91044,6,B,480578,20230321093018
600519,2023-03-21 09:30:16.730,1731.9,100,173190.0,133808,397808,91397,6,S,481682,20230321093018
600519,2023-03-21 09:30:16.730,1731.9,100,173190.0,145152,397808,91398,6,S,481683,20230321093018
600519,2023-03-21 09:30:16.730,1731.9,100,173190.0,147729,397808,91399,6,S,481684,20230321093018
600519,2023-03-21 09:30:16.730,1731.9,200,346380.0,147780,397808,91400,6,S,481685,20230321093018
600519,2023-03-21 09:30:16.730,1733.0,100,173300.0,397809,395078,91401,6,B,481686,20230321093018
600519,2023-03-21 09:30:16.840,1731.9,500,865950.0,147780,398197,91561,6,S,482407,20230321093018
600519,2023-03-21 09:30:17.300,1733.0,100,173300.0,399954,395079,92537,6,B,485239,20230321093018
600519,2023-03-21 09:30:17.300,1733.0,100,173300.0,399954,395080,92538,6,B,485240,20230321093018
600519,2023-03-21 09:30:17.330,1731.9,200,346380.0,147780,400163,92645,6,S,485569,20230321093018
600519,2023-03-21 09:30:17.330,1731.9,100,173190.0,149797,400163,92646,6,S,485570,20230321093018
600519,2023-03-21 09:30:17.330,1731.9,100,173190.0,172446,400163,92647,6,S,485571,20230321093018
600519,2023-03-21 09:30:17.330,1731.9,100,173190.0,178711,400163,92648,6,S,485572,20230321093018
600519,2023-03-21 09:30:17.660,1733.0,100,173300.0,401191,395080,93278,6,B,487426,20230321093018
600519,2023-03-21 09:30:17.880,1733.0,100,173300.0,401939,395083,93644,6,B,488601,20230321093018
600519,2023-03-21 09:30:17.910,1733.0,100,173300.0,402053,395083,93702,6,B,488763,20230321093018
600519,2023-03-21 09:30:17.930,1733.0,100,173300.0,402085,395083,93714,6,B,488808,20230321093018
600519,2023-03-21 09:30:17.930,1733.0,100,173300.0,402085,395084,93715,6,B,488809,20230321093018
600519,2023-03-21 09:30:17.930,1733.0,200,346600.0,402086,395084,93716,6,B,488811,20230321093018
600519,2023-03-21 09:30:17.930,1733.0,100,173300.0,402086,395086,93717,6,B,488812,20230321093018
600519,2023-03-21 09:30:17.930,1733.0,100,173300.0,402086,395090,93718,6,B,488813,20230321093018
600519,2023-03-21 09:30:17.930,1733.0,100,173300.0,402086,395092,93719,6,B,488814,20230321093018
600519,2023-03-21 09:30:17.930,1733.0,100,173300.0,402086,395105,93720,6,B,488815,20230321093018
600519,2023-03-21 09:30:17.930,1733.0,100,173300.0,402086,395110,93721,6,B,488816,20230321093018
600519,2023-03-21 09:30:17.930,1733.0,200,346600.0,402086,395118,93722,6,B,488817,20230321093018
600519,2023-03-21 09:30:18.080,1733.0,100,173300.0,402540,395118,93909,6,B,489494,20230321093021
600519,2023-03-21 09:30:18.470,1733.0,300,519900.0,403795,395119,94614,6,B,491521,20230321093021
600519,2023-03-21 09:30:18.810,1732.0,100,173200.0,404803,403813,95114,6,B,493107,20230321093021
600519,2023-03-21 09:30:18.970,1731.9,100,173190.0,183239,405330,95421,6,S,493916,20230321093021
600519,2023-03-21 09:30:18.970,1731.9,100,173190.0,185111,405331,95422,6,S,493917,20230321093021
600519,2023-03-21 09:30:19.040,1731.9,100,173190.0,405514,405332,95509,6,B,494184,20230321093021
600519,2023-03-21 09:30:19.060,1731.9,100,173190.0,405568,405332,95572,6,B,494289,20230321093021
600519,2023-03-21 09:30:19.780,1731.05,100,173105.0,213922,407753,96842,6,S,497786,20230321093021
600519,2023-03-21 09:30:20.410,1731.9,100,173190.0,409584,405332,98020,6,B,501001,20230321093021
600519,2023-03-21 09:30:20.410,1731.9,100,173190.0,409584,405333,98021,6,B,501002,20230321093021
600519,2023-03-21 09:30:20.410,1731.9,100,173190.0,409584,405336,98022,6,B,501003,20230321093021
600519,2023-03-21 09:30:20.410,1731.9,100,173190.0,409584,405337,98023,6,B,501004,20230321093021
600519,2023-03-21 09:30:20.410,1731.9,100,173190.0,409584,405338,98024,6,B,501005,20230321093021
600519,2023-03-21 09:30:20.410,1731.9,200,346380.0,409584,405343,98025,6,B,501006,20230321093021
600519,2023-03-21 09:30:20.410,1731.9,100,173190.0,409584,405346,98026,6,B,501007,20230321093021
600519,2023-03-21 09:30:20.410,1731.9,100,173190.0,409584,405363,98027,6,B,501008,20230321093021
600519,2023-03-21 09:30:20.410,1731.9,200,346380.0,409584,405364,98028,6,B,501009,20230321093021
600519,2023-03-21 09:30:20.410,1731.9,100,173190.0,409584,405365,98029,6,B,501010,20230321093021
600519,2023-03-21 09:30:20.410,1731.9,200,346380.0,409584,405369,98030,6,B,501011,20230321093021
600519,2023-03-21 09:30:20.410,1731.9,200,346380.0,409584,405370,98031,6,B,501012,20230321093021
600519,2023-03-21 09:30:20.410,1731.9,200,346380.0,409584,405371,98032,6,B,501013,20230321093021
600519,2023-03-21 09:30:20.410,1731.9,200,346380.0,409584,405373,98033,6,B,501014,20230321093021
600519,2023-03-21 09:30:20.460,1731.9,100,173190.0,409694,409311,98098,6,B,501175,20230321093021
600519,2023-03-21 09:30:20.630,1731.9,100,173190.0,410237,409311,98341,6,B,502049,20230321093021
600519,2023-03-21 09:30:20.790,1731.9,100,173190.0,410788,410271,98642,6,B,502880,20230321093021
600519,2023-03-21 09:30:20.790,1731.0,100,173100.0,361800,410803,98647,6,S,502909,20230321093021
600519,2023-03-21 09:30:21.830,1730.2,100,173020.0,316180,414286,101026,6,S,508687,20230321093021
600519,2023-03-21 09:30:21.980,1730.0,100,173000.0,93844,414742,101379,6,S,509417,20230321093021
600519,2023-03-21 09:30:21.980,1730.0,100,173000.0,162999,414742,101380,6,S,509418,20230321093021
600519,2023-03-21 09:30:21.980,1730.0,200,346000.0,162999,414743,101381,6,S,509420,20230321093021
600519,2023-03-21 09:30:21.980,1730.0,100,173000.0,212351,414743,101382,6,S,509421,20230321093021
600519,2023-03-21 09:30:22.350,1731.9,100,173190.0,415815,414283,102323,6,B,511377,20230321093021
600519,2023-03-21 09:30:22.480,1733.0,400,693200.0,416176,400229,102535,6,B,511910,20230321093021
600519,2023-03-21 09:30:22.480,1733.0,100,173300.0,416180,403393,102536,6,B,511914,20230321093021
600519,2023-03-21 09:30:22.480,1733.0,200,346600.0,416181,403393,102537,6,B,511915,20230321093021
600519,2023-03-21 09:30:22.480,1733.0,100,173300.0,416183,403393,102539,6,B,511917,20230321093021
600519,2023-03-21 09:30:22.770,1733.0,300,519900.0,416854,408228,102918,6,B,513008,20230321093021
600519,2023-03-21 09:30:22.770,1733.0,300,519900.0,416854,408842,102919,6,B,513009,20230321093021
600519,2023-03-21 09:30:22.770,1733.0,100,173300.0,416854,416549,102920,6,B,513010,20230321093021
600519,2023-03-21 09:30:22.770,1733.26,200,346652.0,416855,390332,102921,6,B,513011,20230321093021
600519,2023-03-21 09:30:22.830,1730.0,100,173000.0,247294,416959,102973,6,S,513174,20230321093021
600519,2023-03-21 09:30:22.830,1730.0,100,173000.0,247410,416959,102974,6,S,513175,20230321093021
600519,2023-03-21 09:30:22.930,1730.0,100,173000.0,248589,417260,103216,6,S,513669,20230321093021
600519,2023-03-21 09:30:22.930,1730.0,100,173000.0,285899,417260,103217,6,S,513670,20230321093021
600519,2023-03-21 09:30:22.930,1730.0,100,173000.0,309486,417260,103218,6,S,513671,20230321093021
600519,2023-03-21 09:30:22.930,1730.0,100,173000.0,342786,417260,103219,6,S,513672,20230321093021
600519,2023-03-21 09:30:22.930,1730.0,100,173000.0,344168,417260,103220,6,S,513673,20230321093021
600519,2023-03-21 09:30:22.930,1730.0,100,173000.0,415719,417260,103221,6,S,513674,20230321093021
600519,2023-03-21 09:30:22.930,1729.6,300,518880.0,70070,417260,103222,6,S,513675,20230321093021
600519,2023-03-21 09:30:23.090,1729.6,100,172960.0,110920,417761,103474,6,S,514422,20230321093021
600519,2023-03-21 09:30:24.490,1731.0,100,173100.0,422081,420129,106255,6,B,521317,20230321093024
600519,2023-03-21 09:30:24.600,1731.9,100,173190.0,422412,417514,106515,6,B,521850,20230321093024
600519,2023-03-21 09:30:24.790,1730.0,100,173000.0,418870,422937,106809,6,S,522608,20230321093024
600519,2023-03-21 09:30:24.790,1729.6,200,345920.0,131012,422937,106810,6,S,522609,20230321093024
600519,2023-03-21 09:30:24.790,1729.6,100,172960.0,139799,422937,106811,6,S,522610,20230321093024
600519,2023-03-21 09:30:24.790,1729.6,200,345920.0,422993,422937,106835,6,B,522694,20230321093024
600519,2023-03-21 09:30:24.980,1729.6,100,172960.0,423588,422937,107130,6,B,523551,20230321093024
600519,2023-03-21 09:30:24.980,1730.0,100,173000.0,423589,423289,107131,6,B,523552,20230321093024
600519,2023-03-21 09:30:24.980,1729.5,100,172950.0,264424,423592,107132,6,S,523558,20230321093024
600519,2023-03-21 09:30:24.980,1729.5,100,172950.0,423611,423593,107135,6,B,523583,20230321093024
600519,2023-03-21 09:30:24.980,1729.5,100,172950.0,423612,423594,107136,6,B,523584,20230321093024
600519,2023-03-21 09:30:25.130,1729.63,100,172963.0,423895,423982,107324,6,S,524186,20230321093024
600519,2023-03-21 09:30:25.590,1729.6,100,172960.0,423744,425461,108136,6,S,526360,20230321093024
600519,2023-03-21 09:30:25.590,1729.6,100,172960.0,424381,425461,108137,6,S,526361,20230321093024
600519,2023-03-21 09:30:25.970,1729.6,100,172960.0,426570,425461,108883,6,B,528102,20230321093024
600519,2023-03-21 09:30:25.990,1729.5,100,172950.0,424168,426604,108900,6,S,528161,20230321093024
600519,2023-03-21 09:30:26.210,1729.6,100,172960.0,427262,425461,109277,6,B,529257,20230321093024
600519,2023-03-21 09:30:26.350,1729.6,100,172960.0,427646,425461,109596,6,B,529957,20230321093024
600519,2023-03-21 09:30:26.630,1729.55,100,172955.0,426718,428416,110165,6,S,531272,20230321093024
600519,2023-03-21 09:30:26.890,1729.55,100,172955.0,429041,429234,110538,6,S,532472,20230321093024
600519,2023-03-21 09:30:27.940,1729.55,100,172955.0,430015,432706,112623,6,S,537879,20230321093027
600519,2023-03-21 09:30:27.980,1729.5,100,172950.0,428944,432833,112703,6,S,538068,20230321093027
600519,2023-03-21 09:30:28.000,1729.55,100,172955.0,432918,432774,112737,6,B,538181,20230321093027
600519,2023-03-21 09:30:28.000,1729.55,100,172955.0,432918,432775,112738,6,B,538182,20230321093027
600519,2023-03-21 09:30:28.000,1729.6,600,1037760.0,432918,425461,112739,6,B,538183,20230321093027
600519,2023-03-21 09:30:28.120,1729.57,100,172957.0,433110,433214,112922,6,S,538642,20230321093027
600519,2023-03-21 09:30:28.160,1729.6,300,518880.0,433322,425461,112998,6,B,538818,20230321093027
600519,2023-03-21 09:30:28.160,1729.6,100,172960.0,433322,432244,112999,6,B,538819,20230321093027
600519,2023-03-21 09:30:28.160,1729.6,400,691840.0,433322,433177,113000,6,B,538820,20230321093027
600519,2023-03-21 09:30:28.630,1729.68,100,172968.0,434207,434646,113799,6,S,540884,20230321093027
600519,2023-03-21 09:30:29.090,1729.6,100,172960.0,434355,435811,114614,6,S,542806,20230321093027
600519,2023-03-21 09:30:29.120,1729.6,100,172960.0,434542,435931,114752,6,S,543053,20230321093027
600519,2023-03-21 09:30:29.120,1730.0,100,173000.0,435937,425719,114761,6,B,543067,20230321093027
600519,2023-03-21 09:30:29.200,1729.6,100,172960.0,434542,436127,114869,6,S,543401,20230321093027
600519,2023-03-21 09:30:29.870,1729.57,100,172957.0,433865,438111,116116,6,S,546600,20230321093027
600519,2023-03-21 09:30:30.100,1729.55,100,172955.0,438945,438322,116547,6,B,547873,20230321093027
600519,2023-03-21 09:30:30.710,1729.6,100,172960.0,438945,440839,117923,6,S,551143,20230321093027
600519,2023-03-21 09:30:30.990,1730.0,100,173000.0,441664,425719,118452,6,B,552496,20230321093030
600519,2023-03-21 09:30:30.990,1730.0,100,173000.0,441689,425719,118469,6,B,552534,20230321093030
600519,2023-03-21 09:30:31.050,1729.5,100,172950.0,433762,441849,118564,6,S,552776,20230321093030
600519,2023-03-21 09:30:31.140,1729.56,100,172956.0,442056,442057,118806,6,S,553182,20230321093030
600519,2023-03-21 09:30:32.190,1729.5,100,172950.0,442860,445250,120794,6,S,558233,20230321093030
600519,2023-03-21 09:30:32.280,1728.18,100,172818.0,370491,445508,120949,6,S,558634,20230321093030
600519,2023-03-21 09:30:33.440,1729.33,100,172933.0,446520,449395,123489,6,S,564855,20230321093030
600519,2023-03-21 09:30:33.850,1729.5,100,172950.0,450889,449575,124424,6,B,567258,20230321093030
600519,2023-03-21 09:30:34.100,1729.55,200,345910.0,451709,450869,124933,6,B,568518,20230321093033
600519,2023-03-21 09:30:34.100,1729.73,100,172973.0,451710,448026,124934,6,B,568519,20230321093033
600519,2023-03-21 09:30:34.370,1729.6,100,172960.0,451839,452644,125560,6,S,570047,20230321093033
600519,2023-03-21 09:30:34.530,1728.19,100,172819.0,452783,453143,125845,6,S,570775,20230321093033
600519,2023-03-21 09:30:34.830,1728.19,100,172819.0,453851,454145,126436,6,S,572429,20230321093033
600519,2023-03-21 09:30:34.830,1728.18,100,172818.0,441468,454145,126437,6,S,572430,20230321093033
600519,2023-03-21 09:30:34.920,1728.18,400,691272.0,454457,454145,126627,6,B,572962,20230321093033
600519,2023-03-21 09:30:34.960,1729.5,200,345900.0,454535,454048,126675,6,B,573091,20230321093033
600519,2023-03-21 09:30:35.430,1729.5,100,172950.0,454535,456322,127959,6,S,575978,20230321093033
600519,2023-03-21 09:30:35.640,1729.5,300,518850.0,454535,457054,128522,6,S,577245,20230321093033
600519,2023-03-21 09:30:35.640,1728.18,200,345636.0,455205,457054,128523,6,S,577246,20230321093033
600519,2023-03-21 09:30:36.290,1728.18,200,345636.0,459148,457054,129900,6,B,580673,20230321093033
600519,2023-03-21 09:30:36.580,1728.02,100,172802.0,455947,460049,130511,6,S,582224,20230321093033
600519,2023-03-21 09:30:36.820,1728.18,100,172818.0,460854,457054,131098,6,B,583631,20230321093033
600519,2023-03-21 09:30:36.970,1728.18,100,172818.0,461277,457054,131391,6,B,584344,20230321093036
600519,2023-03-21 09:30:36.970,1728.18,100,172818.0,461288,457054,131401,6,B,584357,20230321093036
600519,2023-03-21 09:30:37.050,1728.18,100,172818.0,461297,461528,131581,6,S,584754,20230321093036
600519,2023-03-21 09:30:37.470,1728.18,200,345636.0,461331,462804,132370,6,S,586738,20230321093036
600519,2023-03-21 09:30:37.470,1728.18,100,172818.0,461332,462805,132371,6,S,586739,20230321093036
600519,2023-03-21 09:30:37.470,1728.01,100,172801.0,148490,462805,132372,6,S,586740,20230321093036
600519,2023-03-21 09:30:38.000,1728.01,100,172801.0,148490,464449,133372,6,S,589324,20230321093036
600519,2023-03-21 09:30:38.460,1728.01,100,172801.0,461761,465805,134327,6,S,591566,20230321093036
600519,2023-03-21 09:30:38.620,1728.19,100,172819.0,466196,466203,134651,6,S,592264,20230321093036
600519,2023-03-21 09:30:39.820,1728.0,100,172800.0,142654,469691,136946,6,S,597754,20230321093036
600519,2023-03-21 09:30:39.820,1728.0,100,172800.0,181165,469691,136947,6,S,597755,20230321093036
600519,2023-03-21 09:30:39.820,1728.0,100,172800.0,305026,469691,136948,6,S,597756,20230321093036
600519,2023-03-21 09:30:39.930,1728.18,100,172818.0,469996,467145,137113,6,B,598252,20230321093039
600519,2023-03-21 09:30:39.990,1727.37,100,172737.0,300118,470131,137207,6,S,598483,20230321093039
600519,2023-03-21 09:30:40.850,1726.16,100,172616.0,470852,471967,138492,6,S,601346,20230321093039
600519,2023-03-21 09:30:42.050,1728.17,100,172817.0,476049,470425,141399,6,B,607972,20230321093039
600519,2023-03-21 09:30:42.070,1728.17,100,172817.0,476120,470428,141465,6,B,608084,20230321093039
600519,2023-03-21 09:30:42.120,1728.18,100,172818.0,476295,467145,141579,6,B,608341,20230321093039
600519,2023-03-21 09:30:42.290,1728.18,100,172818.0,476420,476819,142030,6,S,609223,20230321093039
600519,2023-03-21 09:30:42.290,1728.18,100,172818.0,476483,476819,142031,6,S,609224,20230321093039
600519,2023-03-21 09:30:42.990,1728.5,100,172850.0,477360,478923,143255,6,S,612423,20230321093042
600519,2023-03-21 09:30:42.990,1728.5,100,172850.0,477360,478943,143266,6,S,612456,20230321093042
600519,2023-03-21 09:30:43.080,1728.5,300,518550.0,477360,479145,143425,6,S,612792,20230321093042
600519,2023-03-21 09:30:44.800,1728.5,400,691400.0,477360,483708,146483,6,S,619943,20230321093042
600519,2023-03-21 09:30:45.060,1728.5,100,172850.0,477360,484438,146963,6,S,621122,20230321093042
600519,2023-03-21 09:30:45.330,1728.5,100,172850.0,479813,485260,147454,6,S,622406,20230321093042
600519,2023-03-21 09:30:45.330,1727.37,100,172737.0,480944,485260,147455,6,S,622407,20230321093042
600519,2023-03-21 09:30:45.330,1726.18,100,172618.0,476918,485260,147456,6,S,622408,20230321093042
600519,2023-03-21 09:30:45.330,1726.18,100,172618.0,477063,485260,147457,6,S,622409,20230321093042
600519,2023-03-21 09:30:45.330,1726.18,100,172618.0,478890,485260,147458,6,S,622410,20230321093042
600519,2023-03-21 09:30:45.350,1726.18,100,172618.0,485324,485260,147537,6,B,622542,20230321093042
600519,2023-03-21 09:30:45.990,1730.0,100,173000.0,487109,425719,148478,6,B,625211,20230321093045
600519,2023-03-21 09:30:46.190,1729.99,100,172999.0,487589,487184,148750,6,B,625939,20230321093045
600519,2023-03-21 09:30:48.230,1728.5,200,345700.0,492810,488865,151749,6,B,633876,20230321093045
600519,2023-03-21 09:30:48.260,1728.5,100,172850.0,492868,488865,151802,6,B,633979,20230321093045
600519,2023-03-21 09:30:48.310,1728.5,200,345700.0,493015,488865,151857,6,B,634168,20230321093045
600519,2023-03-21 09:30:48.410,1728.5,200,345700.0,493275,488865,151966,6,B,634554,20230321093045
600519,2023-03-21 09:30:48.880,1728.18,100,172818.0,485324,494504,152724,6,S,636506,20230321093048
600519,2023-03-21 09:30:48.950,1728.5,100,172850.0,494659,488865,152804,6,B,636741,20230321093048
600519,2023-03-21 09:30:48.950,1728.5,100,172850.0,494660,488865,152805,6,B,636745,20230321093048
600519,2023-03-21 09:30:48.950,1728.5,200,345700.0,494661,488865,152806,6,B,636746,20230321093048
600519,2023-03-21 09:30:48.950,1728.5,100,172850.0,494662,488865,152807,6,B,636748,20230321093048
600519,2023-03-21 09:30:49.040,1728.5,100,172850.0,494806,488865,152877,6,B,636962,20230321093048
600519,2023-03-21 09:30:49.060,1728.5,200,345700.0,494835,488865,152895,6,B,637013,20230321093048
600519,2023-03-21 09:30:49.930,1728.53,100,172853.0,494887,496794,154188,6,S,640254,20230321093048
600519,2023-03-21 09:30:50.300,1729.55,100,172955.0,497791,496367,154801,6,B,641827,20230321093048
600519,2023-03-21 09:30:50.300,1730.0,200,346000.0,497791,425719,154802,6,B,641828,20230321093048
600519,2023-03-21 09:30:50.300,1730.0,100,173000.0,497791,426897,154803,6,B,641829,20230321093048
600519,2023-03-21 09:30:50.300,1730.0,100,173000.0,497791,479609,154804,6,B,641830,20230321093048
600519,2023-03-21 09:30:50.300,1730.0,100,173000.0,497791,487030,154805,6,B,641831,20230321093048
600519,2023-03-21 09:30:50.300,1730.0,100,173000.0,497791,489233,154806,6,B,641832,20230321093048
600519,2023-03-21 09:30:50.460,1732.9,800,1386320.0,497791,498214,155028,6,S,642475,20230321093048
600519,2023-03-21 09:30:52.240,1730.0,200,346000.0,501044,502635,157679,6,S,649454,20230321093051
600519,2023-03-21 09:30:52.710,1730.0,200,346000.0,501044,503619,158279,6,S,650971,20230321093051
600519,2023-03-21 09:30:54.760,1730.0,300,519000.0,501044,508187,160816,6,S,657908,20230321093051
600519,2023-03-21 09:30:54.780,1730.0,600,1038000.0,501044,508191,160817,6,S,657913,20230321093051
600519,2023-03-21 09:30:55.080,1730.0,600,1038000.0,501044,508848,161199,6,S,658965,20230321093054
600519,2023-03-21 09:30:57.390,1730.0,100,173000.0,501044,514128,164368,6,S,667371,20230321093054
600519,2023-03-21 09:30:59.060,1730.0,100,173000.0,506284,517734,166500,6,S,672848,20230321093057
600519,2023-03-21 09:30:59.720,1730.0,100,173000.0,509623,519287,167367,6,S,675096,20230321093057
600519,2023-03-21 09:31:00.400,1730.0,100,173000.0,515770,521271,168574,6,S,678102,20230321093057
600519,2023-03-21 09:31:00.400,1730.0,100,173000.0,515854,521271,168575,6,S,678103,20230321093057
600519,2023-03-21 09:31:00.400,1730.0,100,173000.0,515921,521271,168576,6,S,678104,20230321093057
600519,2023-03-21 09:31:00.900,1730.0,100,173000.0,515983,522739,169333,6,S,680290,20230321093100
600519,2023-03-21 09:31:01.540,1730.0,100,173000.0,517337,524470,170378,6,S,682833,20230321093100
600519,2023-03-21 09:31:03.720,1730.0,100,173000.0,529989,524470,173445,6,B,691201,20230321093100
600519,2023-03-21 09:31:04.240,1728.51,100,172851.0,524987,531316,174183,6,S,693199,20230321093103
600519,2023-03-21 09:31:04.480,1730.0,100,173000.0,532065,528961,174719,6,B,694356,20230321093103
600519,2023-03-21 09:31:04.820,1728.51,200,345702.0,529876,532965,175293,6,S,695822,20230321093103
600519,2023-03-21 09:31:05.150,1730.0,100,173000.0,533831,528961,175797,6,B,697176,20230321093103
600519,2023-03-21 09:31:05.300,1728.5,100,172850.0,508993,534205,176023,6,S,697763,20230321093103
600519,2023-03-21 09:31:05.300,1728.5,100,172850.0,515495,534205,176024,6,S,697764,20230321093103
600519,2023-03-21 09:31:05.820,1728.24,100,172824.0,502760,535624,176893,6,S,700023,20230321093103
600519,2023-03-21 09:31:06.020,1728.21,100,172821.0,498959,536122,177169,6,S,700838,20230321093103
600519,2023-03-21 09:31:06.320,1728.5,100,172850.0,537048,534205,177879,6,B,702523,20230321093103
600519,2023-03-21 09:31:06.420,1728.5,100,172850.0,537338,534205,178072,6,B,702989,20230321093103
600519,2023-03-21 09:31:06.420,1728.51,100,172851.0,537338,535267,178073,6,B,702990,20230321093103
600519,2023-03-21 09:31:06.430,1730.0,100,173000.0,537379,528961,178100,6,B,703055,20230321093103
600519,2023-03-21 09:31:06.490,1730.0,100,173000.0,537501,530733,178195,6,B,703284,20230321093103
600519,2023-03-21 09:31:06.510,1728.21,100,172821.0,498959,537590,178272,6,S,703431,20230321093103
600519,2023-03-21 09:31:06.960,1730.0,100,173000.0,538672,533363,178968,6,B,705094,20230321093106
600519,2023-03-21 09:31:07.260,1730.0,100,173000.0,539387,533363,179403,6,B,706163,20230321093106
600519,2023-03-21 09:31:08.350,1730.0,100,173000.0,542411,538762,181311,6,B,710966,20230321093106
600519,2023-03-21 09:31:08.930,1730.0,100,173000.0,543950,538790,182245,6,B,713382,20230321093106
600519,2023-03-21 09:31:09.390,1730.0,100,173000.0,545201,544145,182958,6,B,715296,20230321093106
600519,2023-03-21 09:31:09.410,1730.0,100,173000.0,545201,545291,183000,6,S,715427,20230321093106
600519,2023-03-21 09:31:09.430,1730.0,100,173000.0,545316,545291,183017,6,B,715476,20230321093106
600519,2023-03-21 09:31:10.450,1729.99,100,172999.0,548285,547322,184839,6,B,719997,20230321093109
600519,2023-03-21 09:31:10.530,1730.0,100,173000.0,548430,545291,184913,6,B,720213,20230321093109
600519,2023-03-21 09:31:11.200,1730.0,100,173000.0,550148,545298,185977,6,B,722841,20230321093109
600519,2023-03-21 09:31:13.260,1730.0,100,173000.0,555643,552074,189398,6,B,731265,20230321093112
600519,2023-03-21 09:31:14.750,1729.98,100,172998.0,556167,559406,192059,6,S,737492,20230321093112
600519,2023-03-21 09:31:14.790,1729.99,100,172999.0,559509,558276,192156,6,B,737673,20230321093112
600519,2023-03-21 09:31:14.980,1730.0,100,173000.0,559902,557492,192386,6,B,738293,20230321093112
600519,2023-03-21 09:31:15.030,1728.66,100,172866.0,543367,560035,192455,6,S,738483,20230321093112
600519,2023-03-21 09:31:15.340,1730.0,100,173000.0,560214,560799,193087,6,S,739857,20230321093112
600519,2023-03-21 09:31:15.340,1728.66,100,172866.0,557829,560799,193088,6,S,739858,20230321093112
600519,2023-03-21 09:31:15.340,1728.66,100,172866.0,559272,560799,193089,6,S,739859,20230321093112
600519,2023-03-21 09:31:15.960,1730.0,100,173000.0,561768,562593,194008,6,S,742455,20230321093115
600519,2023-03-21 09:31:17.010,1730.0,100,173000.0,561768,564986,195503,6,S,746163,20230321093115
600519,2023-03-21 09:31:17.180,1730.0,100,173000.0,561768,565381,195764,6,S,746773,20230321093115
600519,2023-03-21 09:31:17.180,1730.0,100,173000.0,563539,565381,195765,6,S,746774,20230321093115
600519,2023-03-21 09:31:18.960,1729.0,100,172900.0,565329,569388,198542,6,S,753337,20230321093118
600519,2023-03-21 09:31:19.290,1731.81,100,173181.0,570151,565491,199071,6,B,754598,20230321093118
600519,2023-03-21 09:31:19.330,1731.97,100,173197.0,570287,562588,199141,6,B,754761,20230321093118
600519,2023-03-21 09:31:19.640,1731.98,100,173198.0,570928,551010,199576,6,B,755765,20230321093118
600519,2023-03-21 09:31:22.270,1731.81,100,173181.0,576556,576843,203192,6,S,764855,20230321093121
600519,2023-03-21 09:31:23.980,1731.85,100,173185.0,580718,573178,206062,6,B,771072,20230321093121
600519,2023-03-21 09:31:24.260,1731.85,100,173185.0,580810,581323,206396,6,S,772007,20230321093121
600519,2023-03-21 09:31:24.660,1730.0,100,173000.0,570526,582219,206925,6,S,773365,20230321093121
600519,2023-03-21 09:31:24.990,1730.0,500,865000.0,570526,583009,207425,6,S,774565,20230321093124
600519,2023-03-21 09:31:25.040,1730.0,100,173000.0,570526,583119,207481,6,S,774716,20230321093124
600519,2023-03-21 09:31:25.070,1730.61,100,173061.0,583217,582958,207587,6,B,774905,20230321093124
600519,2023-03-21 09:31:25.130,1731.83,100,173183.0,583332,583124,207672,6,B,775081,20230321093124
600519,2023-03-21 09:31:25.130,1731.84,100,173184.0,583332,582255,207673,6,B,775082,20230321093124
600519,2023-03-21 09:31:25.240,1730.0,200,346000.0,570526,583513,207815,6,S,775381,20230321093124
600519,2023-03-21 09:31:25.910,1730.0,100,173000.0,570526,585193,209408,6,S,778364,20230321093124
600519,2023-03-21 09:31:26.040,1731.82,100,173182.0,585440,583644,209527,6,B,778721,20230321093124
600519,2023-03-21 09:31:28.430,1731.82,100,173182.0,590996,583644,213061,6,B,787215,20230321093127
600519,2023-03-21 09:31:28.480,1731.84,100,173184.0,591057,582255,213079,6,B,787327,20230321093127
600519,2023-03-21 09:31:29.130,1730.02,100,173002.0,588250,592483,214067,6,S,789586,20230321093127
600519,2023-03-21 09:31:29.160,1730.02,100,173002.0,588250,592563,214122,6,S,789707,20230321093127
600519,2023-03-21 09:31:30.010,1731.82,100,173182.0,594580,591929,215412,6,B,792680,20230321093127
600519,2023-03-21 09:31:30.360,1730.02,300,519006.0,588250,595520,215887,6,S,794049,20230321093127
600519,2023-03-21 09:31:30.360,1730.02,100,173002.0,591707,595520,215888,6,S,794050,20230321093127
600519,2023-03-21 09:31:30.370,1731.72,100,173172.0,595547,595434,215907,6,B,794086,20230321093127
600519,2023-03-21 09:31:31.970,1731.72,100,173172.0,599312,595796,218458,6,B,799966,20230321093130
600519,2023-03-21 09:31:32.440,1731.82,100,173182.0,600540,596247,219278,6,B,801831,20230321093130
600519,2023-03-21 09:31:33.840,1731.82,100,173182.0,603632,597183,221212,6,B,806630,20230321093133
600519,2023-03-21 09:31:34.930,1730.15,200,346030.0,602324,606014,222579,6,S,810236,20230321093133
600519,2023-03-21 09:31:35.320,1730.1,100,173010.0,595622,606828,223082,6,S,811491,20230321093133
600519,2023-03-21 09:31:35.320,1730.03,200,346006.0,597177,606828,223083,6,S,811492,20230321093133
600519,2023-03-21 09:31:35.320,1730.02,100,173002.0,591707,606828,223084,6,S,811493,20230321093133
600519,2023-03-21 09:31:35.700,1731.72,100,173172.0,606918,607588,223524,6,S,812650,20230321093133
600519,2023-03-21 09:31:35.960,1731.72,100,173172.0,608089,607801,223900,6,B,813474,20230321093133
600519,2023-03-21 09:31:36.310,1731.82,100,173182.0,608914,602535,224358,6,B,814674,20230321093133
600519,2023-03-21 09:31:36.930,1731.82,100,173182.0,610231,610286,225258,6,S,816815,20230321093136
600519,2023-03-21 09:31:37.200,1731.82,100,173182.0,610678,610845,225586,6,S,817632,20230321093136
600519,2023-03-21 09:31:37.420,1730.2,100,173020.0,610322,611387,225813,6,S,818341,20230321093136
600519,2023-03-21 09:31:37.660,1730.1,300,519030.0,611818,611387,226064,6,B,818958,20230321093136
600519,2023-03-21 09:31:37.990,1730.1,100,173010.0,612452,611387,226400,6,B,819882,20230321093136
600519,2023-03-21 09:31:38.580,1731.59,100,173159.0,613755,612239,227312,6,B,821850,20230321093136
600519,2023-03-21 09:31:38.600,1731.59,100,173159.0,613801,612240,227343,6,B,821920,20230321093136
600519,2023-03-21 09:31:38.630,1731.82,100,173182.0,613852,612273,227367,6,B,822010,20230321093136
600519,2023-03-21 09:31:40.280,1731.79,100,173179.0,617085,616636,229275,6,B,827008,20230321093139
600519,2023-03-21 09:31:40.910,1731.82,100,173182.0,618351,616496,230154,6,B,828983,20230321093139
600519,2023-03-21 09:31:41.210,1731.82,100,173182.0,618383,619060,230602,6,S,830041,20230321093139
600519,2023-03-21 09:31:41.940,1731.82,100,173182.0,620585,620146,231584,6,B,832313,20230321093139
600519,2023-03-21 09:31:41.940,1731.99,100,173199.0,620585,544200,231585,6,B,832314,20230321093139
600519,2023-03-21 09:31:41.970,1731.82,100,173182.0,620601,620691,231647,6,S,832476,20230321093139
600519,2023-03-21 09:31:43.070,1731.99,100,173199.0,623049,595577,233051,6,B,836011,20230321093142
600519,2023-03-21 09:31:43.320,1731.99,100,173199.0,623601,614746,233380,6,B,836811,20230321093142
600519,2023-03-21 09:31:43.320,1731.99,100,173199.0,623601,621625,233381,6,B,836812,20230321093142
600519,2023-03-21 09:31:43.990,1731.99,100,173199.0,624912,623342,234213,6,B,838830,20230321093142
600519,2023-03-21 09:31:45.290,1731.8,200,346360.0,627675,625524,235931,6,B,843056,20230321093142
600519,2023-03-21 09:31:45.350,1731.82,100,173182.0,627785,627793,236048,6,S,843266,20230321093142
600519,2023-03-21 09:31:45.350,1731.72,100,173172.0,623910,627793,236049,6,S,843267,20230321093142
600519,2023-03-21 09:31:45.700,1731.72,200,346344.0,623910,628653,236522,6,S,844550,20230321093142
600519,2023-03-21 09:31:45.700,1730.18,100,173018.0,622939,628653,236523,6,S,844551,20230321093142
600519,2023-03-21 09:31:45.750,1731.98,200,346396.0,628726,625492,236584,6,B,844666,20230321093142
600519,2023-03-21 09:31:47.510,1731.82,100,173182.0,632356,631878,238929,6,B,850327,20230321093145
600519,2023-03-21 09:31:49.420,1731.98,200,346396.0,636455,625492,241561,6,B,856688,20230321093148
600519,2023-03-21 09:31:49.590,1731.98,300,519594.0,636766,625492,241788,6,B,857194,20230321093148
600519,2023-03-21 09:31:49.820,1732.0,100,173200.0,637224,529110,242062,6,B,857876,20230321093148
600519,2023-03-21 09:31:49.820,1732.0,200,346400.0,637224,566070,242063,6,B,857877,20230321093148
600519,2023-03-21 09:31:49.820,1732.0,100,173200.0,637224,582614,242064,6,B,857878,20230321093148
600519,2023-03-21 09:31:49.820,1732.0,100,173200.0,637224,601982,242065,6,B,857879,20230321093148
600519,2023-03-21 09:31:51.110,1732.0,100,173200.0,637224,639908,243857,6,S,862131,20230321093148
600519,2023-03-21 09:31:54.930,1732.0,200,346400.0,639379,647441,248162,6,S,873277,20230321093154
600519,2023-03-21 09:31:54.970,1732.0,100,173200.0,639379,647492,248185,6,S,873352,20230321093154
600519,2023-03-21 09:31:55.230,1731.99,100,173199.0,638308,647969,248559,6,S,874145,20230321093154
600519,2023-03-21 09:31:55.710,1731.98,100,173198.0,642913,648857,249030,6,S,875447,20230321093154
600519,2023-03-21 09:31:55.790,1731.81,100,173181.0,646231,648985,249097,6,S,875641,20230321093154
600519,2023-03-21 09:31:55.840,1731.81,100,173181.0,649082,648985,249166,6,B,875786,20230321093154
600519,2023-03-21 09:31:55.840,1731.81,100,173181.0,649082,649019,249167,6,B,875787,20230321093154
600519,2023-03-21 09:31:55.940,1731.8,100,173180.0,640781,649256,249274,6,S,876050,20230321093154
600519,2023-03-21 09:31:56.930,1731.4,100,173140.0,651145,649927,250397,6,B,878893,20230321093154
600519,2023-03-21 09:31:57.960,1731.0,100,173100.0,637077,653112,251463,6,S,881725,20230321093157
600519,2023-03-21 09:31:58.080,1731.0,100,173100.0,653330,653113,251593,6,B,882053,20230321093157
600519,2023-03-21 09:31:59.380,1731.0,100,173100.0,655812,653113,253139,6,B,885893,20230321093157
600519,2023-03-21 09:31:59.380,1731.0,100,173100.0,655812,653116,253140,6,B,885894,20230321093157
600519,2023-03-21 09:32:00.770,1731.0,100,173100.0,659139,653116,255078,6,B,890818,20230321093157
600519,2023-03-21 09:32:01.010,1730.02,100,173002.0,659485,659740,255452,6,S,891714,20230321093200
600519,2023-03-21 09:32:02.100,1731.0,100,173100.0,662144,653116,256720,6,B,895298,20230321093200
600519,2023-03-21 09:32:02.550,1731.0,100,173100.0,663140,653135,257297,6,B,896772,20230321093200
600519,2023-03-21 09:32:02.550,1731.0,100,173100.0,663140,656777,257298,6,B,896773,20230321093200
600519,2023-03-21 09:32:02.890,1730.02,100,173002.0,659485,663907,257683,6,S,897872,20230321093200
600519,2023-03-21 09:32:04.600,1731.0,100,173100.0,668168,656777,260421,6,B,904434,20230321093203
600519,2023-03-21 09:32:04.640,1731.0,100,173100.0,668254,656777,260471,6,B,904559,20230321093203
600519,2023-03-21 09:32:05.260,1731.0,100,173100.0,669651,658011,261432,6,B,906726,20230321093203
600519,2023-03-21 09:32:05.260,1731.0,100,173100.0,669651,660179,261433,6,B,906727,20230321093203
600519,2023-03-21 09:32:05.260,1731.0,200,346200.0,669651,667971,261434,6,B,906728,20230321093203
600519,2023-03-21 09:32:05.340,1730.02,100,173002.0,659485,669865,261541,6,S,907016,20230321093203
600519,2023-03-21 09:32:05.340,1730.01,100,173001.0,614064,669865,261542,6,S,907017,20230321093203
600519,2023-03-21 09:32:07.730,1731.51,100,173151.0,675704,649714,265502,6,B,916241,20230321093206
600519,2023-03-21 09:32:09.190,1730.05,100,173005.0,676256,679543,268021,6,S,922136,20230321093206
600519,2023-03-21 09:32:09.540,1731.7,100,173170.0,680379,649439,268497,6,B,923402,20230321093206
600519,2023-03-21 09:32:10.590,1731.51,100,173151.0,680265,683033,269976,6,S,927251,20230321093209
600519,2023-03-21 09:32:11.560,1731.0,200,346200.0,685318,684860,271262,6,B,930741,20230321093209
600519,2023-03-21 09:32:11.780,1730.05,100,173005.0,676256,685772,271610,6,S,931519,20230321093209
600519,2023-03-21 09:32:12.300,1730.03,100,173003.0,672547,686992,272376,6,S,933389,20230321093209
600519,2023-03-21 09:32:12.490,1731.52,100,173152.0,687145,687398,272690,6,S,934109,20230321093209
600519,2023-03-21 09:32:13.780,1731.81,100,173181.0,690423,649281,274484,6,B,938646,20230321093212
600519,2023-03-21 09:32:13.830,1731.0,100,173100.0,687675,690513,274597,6,S,938838,20230321093212
600519,2023-03-21 09:32:13.840,1730.1,100,173010.0,690361,690550,274614,6,S,938887,20230321093212
600519,2023-03-21 09:32:14.700,1731.7,100,173170.0,692450,690826,275797,6,B,941736,20230321093212
600519,2023-03-21 09:32:14.830,1730.1,100,173010.0,690361,692692,275977,6,S,942162,20230321093212
600519,2023-03-21 09:32:15.020,1730.05,100,173005.0,693084,692692,276157,6,B,942772,20230321093212
600519,2023-03-21 09:32:15.290,1730.05,100,173005.0,693157,693934,276661,6,S,944013,20230321093212
600519,2023-03-21 09:32:16.000,1730.05,100,173005.0,695629,693934,277680,6,B,946591,20230321093215
600519,2023-03-21 09:32:18.550,1730.62,100,173062.0,701823,700744,281284,6,B,956080,20230321093215
600519,2023-03-21 09:32:18.550,1731.0,500,865500.0,701823,696547,281285,6,B,956081,20230321093215
600519,2023-03-21 09:32:18.550,1731.51,100,173151.0,701823,694399,281286,6,B,956082,20230321093215
600519,2023-03-21 09:32:18.550,1731.7,200,346340.0,701823,690826,281287,6,B,956083,20230321093215
600519,2023-03-21 09:32:18.550,1731.81,100,173181.0,701823,690134,281288,6,B,956084,20230321093215
600519,2023-03-21 09:32:18.550,1731.81,100,173181.0,701823,691906,281289,6,B,956085,20230321093215
600519,2023-03-21 09:32:18.550,1731.91,100,173191.0,701823,649278,281290,6,B,956086,20230321093215
600519,2023-03-21 09:32:18.550,1731.99,200,346398.0,701823,648970,281291,6,B,956087,20230321093215
600519,2023-03-21 09:32:19.060,1731.99,100,173199.0,703162,648970,281943,6,B,958001,20230321093218
600519,2023-03-21 09:32:19.270,1730.08,100,173008.0,701809,703777,282327,6,S,958922,20230321093218
600519,2023-03-21 09:32:20.260,1731.51,100,173151.0,704359,706303,283880,6,S,962920,20230321093218
600519,2023-03-21 09:32:20.880,1731.51,100,173151.0,704359,708150,284928,6,S,965582,20230321093218
600519,2023-03-21 09:32:22.020,1731.99,100,173199.0,711291,707707,286779,6,B,970336,20230321093221
600519,2023-03-21 09:32:24.190,1731.99,100,173199.0,711300,716855,289719,6,S,978456,20230321093221
600519,2023-03-21 09:32:24.280,1731.99,100,173199.0,711336,717181,289877,6,S,978931,20230321093221
600519,2023-03-21 09:32:24.450,1732.0,200,346400.0,717702,657836,290125,6,B,979629,20230321093221
600519,2023-03-21 09:32:24.890,1732.0,100,173200.0,718765,657836,290740,6,B,981160,20230321093224
600519,2023-03-21 09:32:25.000,1731.99,100,173199.0,711620,719008,290925,6,S,981581,20230321093224
600519,2023-03-21 09:32:25.000,1731.99,100,173199.0,718083,719008,290926,6,S,981582,20230321093224
600519,2023-03-21 09:32:25.290,1731.81,100,173181.0,712844,719752,291514,6,S,982745,20230321093224
600519,2023-03-21 09:32:25.290,1730.09,100,173009.0,711987,719752,291515,6,S,982746,20230321093224
600519,2023-03-21 09:32:25.290,1730.09,100,173009.0,712968,719752,291516,6,S,982747,20230321093224
600519,2023-03-21 09:32:25.290,1730.08,100,173008.0,708695,719752,291517,6,S,982748,20230321093224
600519,2023-03-21 09:32:26.600,1732.0,100,173200.0,722874,661311,293961,6,B,987995,20230321093224
600519,2023-03-21 09:32:28.030,1732.0,100,173200.0,726275,661311,295869,6,B,993073,20230321093227
600519,2023-03-21 09:32:28.030,1730.09,100,173009.0,723413,726294,295881,6,S,993098,20230321093227
600519,2023-03-21 09:32:29.540,1731.99,100,173199.0,729432,727182,297809,6,B,998037,20230321093227
600519,2023-03-21 09:32:29.540,1732.0,100,173200.0,729432,661311,297810,6,B,998038,20230321093227
600519,2023-03-21 09:32:31.090,1732.0,100,173200.0,732779,661311,299635,6,B,1003059,20230321093230
600519,2023-03-21 09:32:31.580,1731.99,100,173199.0,733760,733666,300162,6,B,1004483,20230321093230
600519,2023-03-21 09:32:31.580,1732.0,100,173200.0,733760,661311,300163,6,B,1004484,20230321093230
600519,2023-03-21 09:32:31.580,1732.0,100,173200.0,733760,674048,300164,6,B,1004485,20230321093230
600519,2023-03-21 09:32:31.580,1732.0,100,173200.0,733760,733647,300165,6,B,1004486,20230321093230
600519,2023-03-21 09:32:32.300,1732.3,100,173230.0,735169,645567,301246,6,B,1006951,20230321093230
600519,2023-03-21 09:32:33.990,1732.37,100,173237.0,738808,542946,303420,6,B,1012520,20230321093233
600519,2023-03-21 09:32:34.210,1732.0,100,173200.0,733760,739338,303767,6,S,1013375,20230321093233
600519,2023-03-21 09:32:34.250,1732.37,100,173237.0,739417,542946,303795,6,B,1013478,20230321093233
600519,2023-03-21 09:32:34.870,1732.0,100,173200.0,733760,740832,304431,6,S,1015508,20230321093233
600519,2023-03-21 09:32:35.050,1732.38,100,173238.0,741139,524988,304635,6,B,1016026,20230321093233
600519,2023-03-21 09:32:35.120,1732.0,100,173200.0,733760,741300,304762,6,S,1016305,20230321093233
600519,2023-03-21 09:32:35.360,1732.0,200,346400.0,733760,741834,304988,6,S,1017094,20230321093233
600519,2023-03-21 09:32:35.810,1733.0,100,173300.0,742711,446793,305565,6,B,1018439,20230321093233
600519,2023-03-21 09:32:36.960,1732.37,100,173237.0,744865,745052,306942,6,S,1022194,20230321093236
600519,2023-03-21 09:32:38.810,1733.8,100,173380.0,748377,675590,308745,6,B,1027420,20230321093236
600519,2023-03-21 09:32:39.040,1733.8,200,346760.0,748377,748809,308963,6,S,1028054,20230321093236
600519,2023-03-21 09:32:40.060,1732.39,100,173239.0,750354,750812,310228,6,S,1031240,20230321093239
600519,2023-03-21 09:32:41.930,1733.8,100,173380.0,754227,749726,312225,6,B,1036427,20230321093239
600519,2023-03-21 09:32:43.310,1733.79,100,173379.0,757042,756013,313972,6,B,1040854,20230321093242
600519,2023-03-21 09:32:44.670,1733.8,100,173380.0,759572,755645,315612,6,B,1044831,20230321093242
600519,2023-03-21 09:32:44.760,1733.8,100,173380.0,759693,755645,315681,6,B,1045010,20230321093242
600519,2023-03-21 09:32:44.880,1732.4,100,173240.0,754955,759948,315812,6,S,1045388,20230321093242
600519,2023-03-21 09:32:45.210,1732.4,100,173240.0,754955,760642,316207,6,S,1046329,20230321093242
600519,2023-03-21 09:32:45.350,1732.4,300,519720.0,754955,760890,316379,6,S,1046739,20230321093242
600519,2023-03-21 09:32:46.410,1733.8,100,173380.0,762975,755645,317549,6,B,1049831,20230321093245
600519,2023-03-21 09:32:46.410,1733.8,300,520140.0,762984,755645,317551,6,B,1049846,20230321093245
600519,2023-03-21 09:32:47.440,1733.8,100,173380.0,764862,760153,318816,6,B,1052738,20230321093245
600519,2023-03-21 09:32:47.480,1733.99,100,173399.0,764984,663529,318881,6,B,1052896,20230321093245
600519,2023-03-21 09:32:47.480,1734.0,100,173400.0,764984,512249,318882,6,B,1052897,20230321093245
600519,2023-03-21 09:32:47.480,1734.5,300,520350.0,764984,411632,318883,6,B,1052898,20230321093245
600519,2023-03-21 09:32:47.480,1735.0,100,173500.0,764984,371471,318884,6,B,1052899,20230321093245
600519,2023-03-21 09:32:47.480,1735.0,100,173500.0,764984,379519,318885,6,B,1052900,20230321093245
600519,2023-03-21 09:32:47.480,1735.0,100,173500.0,764984,380539,318886,6,B,1052901,20230321093245
600519,2023-03-21 09:32:47.480,1735.0,100,173500.0,764984,387138,318887,6,B,1052902,20230321093245
600519,2023-03-21 09:32:47.480,1735.0,100,173500.0,764984,408565,318888,6,B,1052903,20230321093245
600519,2023-03-21 09:32:47.480,1735.0,200,347000.0,764984,537700,318889,6,B,1052904,20230321093245
600519,2023-03-21 09:32:47.480,1735.0,100,173500.0,764984,572854,318890,6,B,1052905,20230321093245
600519,2023-03-21 09:32:47.480,1735.0,100,173500.0,764984,581913,318891,6,B,1052906,20230321093245
600519,2023-03-21 09:32:47.480,1735.0,100,173500.0,764984,602744,318892,6,B,1052907,20230321093245
600519,2023-03-21 09:32:47.480,1735.0,300,520500.0,764984,624396,318893,6,B,1052908,20230321093245
600519,2023-03-21 09:32:47.480,1735.0,100,173500.0,764984,670112,318894,6,B,1052909,20230321093245
600519,2023-03-21 09:32:47.480,1735.0,200,347000.0,764984,699636,318895,6,B,1052910,20230321093245
600519,2023-03-21 09:32:47.790,1735.0,100,173500.0,764984,765493,319249,6,S,1053743,20230321093245
600519,2023-03-21 09:32:48.960,1735.0,200,347000.0,764984,767808,320574,6,S,1057129,20230321093248
600519,2023-03-21 09:32:48.970,1735.0,100,173500.0,764984,767833,320581,6,S,1057160,20230321093248
600519,2023-03-21 09:32:48.990,1735.0,100,173500.0,764984,767845,320589,6,S,1057177,20230321093248
600519,2023-03-21 09:32:48.990,1735.0,200,347000.0,764984,767864,320604,6,S,1057205,20230321093248
600519,2023-03-21 09:32:49.070,1735.79,100,173579.0,768007,765332,320679,6,B,1057405,20230321093248
600519,2023-03-21 09:32:49.960,1735.0,100,173500.0,764984,769620,321672,6,S,1059955,20230321093248
600519,2023-03-21 09:32:52.110,1735.0,400,694000.0,764984,773651,324521,6,S,1066610,20230321093251
600519,2023-03-21 09:32:52.650,1735.78,100,173578.0,774652,768228,325232,6,B,1068230,20230321093251
600519,2023-03-21 09:32:53.510,1735.79,100,173579.0,776130,765369,326139,6,B,1070534,20230321093251
600519,2023-03-21 09:32:53.510,1735.79,100,173579.0,776130,773480,326140,6,B,1070535,20230321093251
600519,2023-03-21 09:32:54.830,1735.01,300,520503.0,773932,778531,327509,6,S,1074203,20230321093254
600519,2023-03-21 09:32:55.280,1735.01,300,520503.0,773932,779272,327970,6,S,1075345,20230321093254
600519,2023-03-21 09:32:55.280,1735.01,100,173501.0,777330,779272,327971,6,S,1075346,20230321093254
600519,2023-03-21 09:32:55.280,1735.0,200,347000.0,764984,779272,327972,6,S,1075347,20230321093254
600519,2023-03-21 09:32:55.740,1735.0,100,173500.0,764984,780076,328572,6,S,1076673,20230321093254
600519,2023-03-21 09:32:56.110,1735.01,100,173501.0,780720,780471,328923,6,B,1077656,20230321093254
600519,2023-03-21 09:32:56.120,1735.78,100,173578.0,780729,777623,328928,6,B,1077667,20230321093254
600519,2023-03-21 09:32:57.270,1735.01,100,173501.0,781092,782766,330253,6,S,1080944,20230321093254
600519,2023-03-21 09:32:57.760,1735.0,100,173500.0,764984,783699,330728,6,S,1082293,20230321093254
600519,2023-03-21 09:32:57.970,1735.0,100,173500.0,764984,784106,330943,6,S,1082893,20230321093257
600519,2023-03-21 09:32:58.080,1735.78,100,173578.0,784220,784279,331032,6,S,1083135,20230321093257
600519,2023-03-21 09:32:58.080,1735.79,100,173579.0,784281,773480,331033,6,B,1083137,20230321093257
600519,2023-03-21 09:33:00.390,1735.0,100,173500.0,764984,788448,333729,6,S,1089833,20230321093257
600519,2023-03-21 09:33:00.450,1735.78,100,173578.0,788568,784799,333795,6,B,1090012,20230321093257
600519,2023-03-21 09:33:00.560,1735.0,100,173500.0,764984,788833,333951,6,S,1090434,20230321093257
600519,2023-03-21 09:33:00.760,1735.0,100,173500.0,772014,789430,334355,6,S,1091348,20230321093300
600519,2023-03-21 09:33:00.960,1735.0,100,173500.0,772014,789936,334629,6,S,1092115,20230321093300
600519,2023-03-21 09:33:00.980,1735.0,100,173500.0,780713,789964,334637,6,S,1092153,20230321093300
600519,2023-03-21 09:33:00.980,1735.0,100,173500.0,786256,789964,334638,6,S,1092154,20230321093300
600519,2023-03-21 09:33:00.980,1735.0,100,173500.0,788056,789964,334639,6,S,1092155,20230321093300
600519,2023-03-21 09:33:01.010,1735.0,100,173500.0,790039,789964,334675,6,B,1092262,20230321093300
600519,2023-03-21 09:33:01.010,1735.26,100,173526.0,790039,789916,334676,6,B,1092263,20230321093300
600519,2023-03-21 09:33:01.480,1735.78,100,173578.0,791236,785094,335444,6,B,1094182,20230321093300
600519,2023-03-21 09:33:02.250,1735.0,100,173500.0,792970,792958,336635,6,B,1097006,20230321093300
600519,2023-03-21 09:33:02.250,1735.01,100,173501.0,792970,792847,336636,6,B,1097007,20230321093300
600519,2023-03-21 09:33:02.460,1735.01,100,173501.0,792970,793454,336989,6,S,1097829,20230321093300
600519,2023-03-21 09:33:02.610,1735.01,200,347002.0,792970,793866,337255,6,S,1098541,20230321093300
600519,2023-03-21 09:33:03.260,1735.78,100,173578.0,795652,790441,338622,6,B,1101553,20230321093300
600519,2023-03-21 09:33:03.670,1735.79,100,173579.0,795671,796794,339332,6,S,1103357,20230321093303
600519,2023-03-21 09:33:03.960,1735.79,100,173579.0,795777,797674,339885,6,S,1104725,20230321093303
600519,2023-03-21 09:33:04.080,1735.79,100,173579.0,796058,798079,340139,6,S,1105330,20230321093303
600519,2023-03-21 09:33:05.260,1735.01,100,173501.0,792970,801129,341961,6,S,1110024,20230321093303
600519,2023-03-21 09:33:05.260,1735.0,100,173500.0,799537,801129,341962,6,S,1110025,20230321093303
600519,2023-03-21 09:33:05.480,1734.98,200,346996.0,775047,801736,342259,6,S,1110902,20230321093303
600519,2023-03-21 09:33:05.480,1734.98,100,173498.0,790681,801736,342260,6,S,1110903,20230321093303
600519,2023-03-21 09:33:06.310,1735.0,100,173500.0,804022,803930,343685,6,B,1114483,20230321093303
600519,2023-03-21 09:33:06.420,1735.78,100,173578.0,804272,802069,343845,6,B,1114908,20230321093303
600519,2023-03-21 09:33:06.580,1735.8,100,173580.0,804666,660970,344255,6,B,1115728,20230321093303
600519,2023-03-21 09:33:07.120,1735.79,100,173579.0,805857,805662,345097,6,B,1117633,20230321093306
600519,2023-03-21 09:33:08.550,1735.8,100,173580.0,808900,799370,347009,6,B,1122383,20230321093306
600519,2023-03-21 09:33:10.370,1735.8,100,173580.0,813353,811185,349834,6,B,1129166,20230321093309
600519,2023-03-21 09:33:10.540,1735.97,100,173597.0,813789,808863,350219,6,B,1129931,20230321093309
600519,2023-03-21 09:33:10.800,1735.8,100,173580.0,813353,814352,350480,6,S,1130704,20230321093309
600519,2023-03-21 09:33:12.940,1735.99,100,173599.0,818935,782811,353301,6,B,1137671,20230321093312
600519,2023-03-21 09:33:14.290,1735.97,100,173597.0,820642,821628,354797,6,S,1141642,20230321093312
600519,2023-03-21 09:33:14.570,1735.8,100,173580.0,813353,822117,355105,6,S,1142453,20230321093312
600519,2023-03-21 09:33:14.690,1735.8,100,173580.0,819685,822340,355252,6,S,1142814,20230321093312
600519,2023-03-21 09:33:14.890,1735.8,100,173580.0,821599,822734,355407,6,S,1143331,20230321093312
600519,2023-03-21 09:33:14.980,1735.8,100,173580.0,822082,822882,355500,6,S,1143554,20230321093312
600519,2023-03-21 09:33:15.270,1735.99,100,173599.0,823506,823135,355770,6,B,1144404,20230321093312
600519,2023-03-21 09:33:15.270,1736.0,400,694400.0,823506,315726,355771,6,B,1144405,20230321093312
600519,2023-03-21 09:33:15.270,1736.0,100,173600.0,823506,541371,355772,6,B,1144406,20230321093312
600519,2023-03-21 09:33:15.440,1735.8,100,173580.0,823794,823831,355952,6,S,1144877,20230321093312
600519,2023-03-21 09:33:15.690,1735.78,100,173578.0,824338,823831,356239,6,B,1145642,20230321093312
600519,2023-03-21 09:33:15.850,1735.0,100,173500.0,808477,824711,356427,6,S,1146168,20230321093312
600519,2023-03-21 09:33:16.090,1735.78,100,173578.0,825129,823831,356677,6,B,1146784,20230321093315
600519,2023-03-21 09:33:16.090,1735.79,100,173579.0,825129,824393,356678,6,B,1146785,20230321093315
600519,2023-03-21 09:33:16.150,1735.79,200,347158.0,825236,824393,356744,6,B,1146947,20230321093315
600519,2023-03-21 09:33:16.150,1736.0,100,173600.0,825236,565881,356745,6,B,1146948,20230321093315
600519,2023-03-21 09:33:16.150,1736.0,100,173600.0,825236,578957,356746,6,B,1146949,20230321093315
600519,2023-03-21 09:33:16.690,1735.79,100,173579.0,826212,825289,357329,6,B,1148430,20230321093315
600519,2023-03-21 09:33:17.370,1735.78,100,173578.0,827529,826978,358146,6,B,1150461,20230321093315
600519,2023-03-21 09:33:17.370,1735.99,100,173599.0,827529,827231,358147,6,B,1150462,20230321093315
600519,2023-03-21 09:33:17.370,1736.0,100,173600.0,827529,607625,358148,6,B,1150463,20230321093315
600519,2023-03-21 09:33:18.300,1736.0,100,173600.0,829249,607625,359130,6,B,1153042,20230321093315
600519,2023-03-21 09:33:22.110,1735.8,100,173580.0,836361,831520,363157,6,B,1163737,20230321093321
600519,2023-03-21 09:33:22.680,1736.0,100,173600.0,837441,607625,363990,6,B,1165584,20230321093321
600519,2023-03-21 09:33:23.940,1736.0,200,347200.0,839557,607625,365219,6,B,1168835,20230321093321
600519,2023-03-21 09:33:23.940,1736.0,100,173600.0,839557,612553,365220,6,B,1168836,20230321093321
600519,2023-03-21 09:33:23.940,1736.0,100,173600.0,839557,613371,365221,6,B,1168837,20230321093321
600519,2023-03-21 09:33:23.940,1736.0,100,173600.0,839557,643457,365222,6,B,1168838,20230321093321
600519,2023-03-21 09:33:24.940,1735.8,100,173580.0,836416,841484,366317,6,S,1171727,20230321093324
600519,2023-03-21 09:33:24.940,1735.1,100,173510.0,836269,841484,366318,6,S,1171728,20230321093324
600519,2023-03-21 09:33:24.940,1736.0,100,173600.0,841487,688056,366320,6,B,1171731,20230321093324
600519,2023-03-21 09:33:25.020,1735.02,100,173502.0,831937,841574,366366,6,S,1171864,20230321093324
600519,2023-03-21 09:33:25.080,1736.0,100,173600.0,841675,831242,366429,6,B,1172035,20230321093324
600519,2023-03-21 09:33:25.150,1735.02,100,173502.0,831937,841829,366511,6,S,1172238,20230321093324
600519,2023-03-21 09:33:25.240,1735.01,100,173501.0,830111,841958,366571,6,S,1172422,20230321093324
600519,2023-03-21 09:33:25.280,1736.0,100,173600.0,842013,839958,366594,6,B,1172499,20230321093324
600519,2023-03-21 09:33:25.280,1736.0,100,173600.0,842013,841603,366595,6,B,1172500,20230321093324
600519,2023-03-21 09:33:25.280,1736.0,100,173600.0,842013,841663,366596,6,B,1172501,20230321093324
600519,2023-03-21 09:33:25.530,1735.78,100,173578.0,842399,842409,366775,6,S,1173065,20230321093324
600519,2023-03-21 09:33:25.590,1735.01,100,173501.0,842497,842409,366804,6,B,1173184,20230321093324
600519,2023-03-21 09:33:25.780,1735.01,100,173501.0,842832,842409,366995,6,B,1173678,20230321093324
600519,2023-03-21 09:33:26.750,1735.0,200,347000.0,808477,844565,367935,6,S,1176119,20230321093324
600519,2023-03-21 09:33:26.750,1735.0,100,173500.0,832640,844565,367936,6,S,1176120,20230321093324
600519,2023-03-21 09:33:26.750,1734.98,200,346996.0,816710,844565,367937,6,S,1176121,20230321093324
600519,2023-03-21 09:33:28.460,1734.98,100,173498.0,847569,844565,369696,6,B,1180536,20230321093327
600519,2023-03-21 09:33:29.350,1735.01,100,173501.0,849158,842409,370551,6,B,1182803,20230321093327
600519,2023-03-21 09:33:29.350,1736.0,100,173600.0,849158,846538,370552,6,B,1182804,20230321093327
600519,2023-03-21 09:33:30.960,1735.0,100,173500.0,849548,852261,372466,6,S,1187592,20230321093330
600519,2023-03-21 09:33:32.070,1735.79,100,173579.0,854462,849877,373859,6,B,1190943,20230321093330
600519,2023-03-21 09:33:32.070,1735.79,100,173579.0,854462,851690,373860,6,B,1190944,20230321093330
600519,2023-03-21 09:33:32.480,1734.98,100,173498.0,853791,855394,374419,6,S,1192294,20230321093330
600519,2023-03-21 09:33:33.120,1735.78,100,173578.0,856649,854566,375187,6,B,1194126,20230321093330
600519,2023-03-21 09:33:33.310,1735.8,100,173580.0,856996,855709,375452,6,B,1194736,20230321093330
600519,2023-03-21 09:33:33.310,1735.0,100,173500.0,855984,857023,375460,6,S,1194765,20230321093330
600519,2023-03-21 09:33:33.850,1734.98,100,173498.0,856939,858124,376088,6,S,1196343,20230321093330
600519,2023-03-21 09:33:33.850,1733.99,100,173399.0,847610,858124,376089,6,S,1196344,20230321093330
600519,2023-03-21 09:33:35.090,1734.0,100,173400.0,858345,860283,377523,6,S,1199739,20230321093333
600519,2023-03-21 09:33:35.090,1733.99,100,173399.0,847610,860283,377524,6,S,1199740,20230321093333
600519,2023-03-21 09:33:35.210,1733.99,100,173399.0,860485,860317,377692,6,B,1200067,20230321093333
600519,2023-03-21 09:33:35.510,1734.98,100,173498.0,860986,861045,377998,6,S,1200945,20230321093333
600519,2023-03-21 09:33:35.510,1733.99,100,173399.0,860638,861045,377999,6,S,1200946,20230321093333
600519,2023-03-21 09:33:35.680,1733.99,100,173399.0,861319,861045,378166,6,B,1201352,20230321093333
600519,2023-03-21 09:33:35.690,1733.99,100,173399.0,861362,861045,378179,6,B,1201410,20230321093333
600519,2023-03-21 09:33:36.020,1733.99,100,173399.0,861362,861945,378738,6,S,1202467,20230321093333
600519,2023-03-21 09:33:36.400,1735.0,100,173500.0,862725,858277,379131,6,B,1203614,20230321093333
600519,2023-03-21 09:33:36.400,1735.0,200,347000.0,862725,861072,379132,6,B,1203615,20230321093333
600519,2023-03-21 09:33:37.380,1735.0,100,173500.0,864544,863839,380258,6,B,1206397,20230321093336
600519,2023-03-21 09:33:38.350,1734.34,100,173434.0,865432,866124,381307,6,S,1208862,20230321093336
600519,2023-03-21 09:33:38.390,1734.34,100,173434.0,865432,866170,381326,6,S,1208922,20230321093336
600519,2023-03-21 09:33:39.140,1735.0,100,173500.0,867522,865350,382245,6,B,1211046,20230321093336
600519,2023-03-21 09:33:40.880,1735.0,100,173500.0,870522,867358,383935,6,B,1215483,20230321093339
600519,2023-03-21 09:33:41.380,1734.02,100,173402.0,868788,871508,384516,6,S,1216914,20230321093339
600519,2023-03-21 09:33:43.180,1734.98,100,173498.0,874807,872736,386646,6,B,1221938,20230321093342
600519,2023-03-21 09:33:43.180,1735.0,400,694000.0,874807,871493,386647,6,B,1221939,20230321093342
600519,2023-03-21 09:33:43.180,1735.0,200,347000.0,874807,873248,386648,6,B,1221940,20230321093342
600519,2023-03-21 09:33:43.180,1735.02,100,173502.0,874807,873933,386649,6,B,1221941,20230321093342
600519,2023-03-21 09:33:43.180,1735.7,100,173570.0,874807,861433,386650,6,B,1221942,20230321093342
600519,2023-03-21 09:33:43.180,1735.7,100,173570.0,874807,868896,386651,6,B,1221943,20230321093342
600519,2023-03-21 09:33:43.930,1735.7,100,173570.0,874807,876080,387412,6,S,1223919,20230321093342
600519,2023-03-21 09:33:45.170,1735.71,200,347142.0,876830,878393,388960,6,S,1227601,20230321093342
600519,2023-03-21 09:33:45.370,1735.7,300,520710.0,874807,878725,389123,6,S,1228102,20230321093342
600519,2023-03-21 09:33:45.510,1735.7,400,694280.0,874807,878975,389309,6,S,1228530,20230321093342
600519,2023-03-21 09:33:45.660,1735.7,100,173570.0,874807,879263,389454,6,S,1228888,20230321093342
600519,2023-03-21 09:33:46.130,1735.7,100,173570.0,874807,880217,390023,6,S,1230245,20230321093345
600519,2023-03-21 09:33:46.930,1735.7,300,520710.0,874807,881819,391046,6,S,1232659,20230321093345
600519,2023-03-21 09:33:47.630,1735.71,100,173571.0,881976,882939,391777,6,S,1234429,20230321093345
600519,2023-03-21 09:33:48.450,1735.71,200,347142.0,881976,884464,392756,6,S,1236842,20230321093345
600519,2023-03-21 09:33:48.450,1735.7,100,173570.0,874807,884464,392757,6,S,1236843,20230321093345
600519,2023-03-21 09:33:48.990,1735.7,200,347140.0,874807,885433,393308,6,S,1238303,20230321093348
600519,2023-03-21 09:33:49.180,1735.7,100,173570.0,874807,885786,393524,6,S,1238860,20230321093348
600519,2023-03-21 09:33:49.510,1735.7,100,173570.0,874807,886366,393977,6,S,1239794,20230321093348
600519,2023-03-21 09:33:49.640,1735.7,100,173570.0,874807,886572,394059,6,S,1240069,20230321093348
600519,2023-03-21 09:33:49.700,1735.7,100,173570.0,874807,886677,394120,6,S,1240216,20230321093348
600519,2023-03-21 09:33:49.700,1735.7,100,173570.0,877055,886678,394121,6,S,1240217,20230321093348
600519,2023-03-21 09:33:49.700,1735.7,100,173570.0,880506,886679,394122,6,S,1240219,20230321093348
600519,2023-03-21 09:33:49.910,1735.7,100,173570.0,880506,887027,394336,6,S,1240753,20230321093348
600519,2023-03-21 09:33:51.060,1735.69,100,173569.0,888654,889051,395510,6,S,1243683,20230321093348
600519,2023-03-21 09:33:51.180,1735.0,100,173500.0,874913,889316,395626,6,S,1244077,20230321093348
600519,2023-03-21 09:33:51.180,1735.0,100,173500.0,889284,889316,395627,6,S,1244078,20230321093348
600519,2023-03-21 09:33:51.960,1734.98,100,173498.0,888104,890759,396396,6,S,1246175,20230321093351
600519,2023-03-21 09:33:53.030,1734.98,100,173498.0,889135,892537,397369,6,S,1248680,20230321093351
600519,2023-03-21 09:33:53.080,1735.0,100,173500.0,892627,889316,397403,6,B,1248789,20230321093351
600519,2023-03-21 09:33:53.900,1734.98,200,346996.0,890337,894150,398247,6,S,1251003,20230321093351
600519,2023-03-21 09:33:54.600,1735.0,100,173500.0,895539,894451,399041,6,B,1253016,20230321093351
600519,2023-03-21 09:33:55.080,1735.0,100,173500.0,896412,894451,399441,6,B,1254212,20230321093354
600519,2023-03-21 09:33:55.280,1734.51,200,346902.0,893611,896748,399621,6,S,1254708,20230321093354
600519,2023-03-21 09:33:55.420,1735.0,100,173500.0,896805,896961,399733,6,S,1255022,20230321093354
600519,2023-03-21 09:33:55.520,1734.02,100,173402.0,868788,897075,399807,6,S,1255201,20230321093354
600519,2023-03-21 09:33:55.520,1734.02,200,346804.0,869867,897075,399808,6,S,1255202,20230321093354
600519,2023-03-21 09:33:55.590,1734.02,100,173402.0,897180,897075,399865,6,B,1255345,20230321093354
600519,2023-03-21 09:33:55.770,1734.02,100,173402.0,897423,897075,400002,6,B,1255723,20230321093354
600519,2023-03-21 09:33:55.870,1734.98,100,173498.0,897581,897263,400136,6,B,1255989,20230321093354
600519,2023-03-21 09:33:56.020,1734.98,100,173498.0,897581,897793,400278,6,S,1256332,20230321093354
600519,2023-03-21 09:33:56.020,1734.98,200,346996.0,897581,897794,400279,6,S,1256333,20230321093354
600519,2023-03-21 09:33:56.950,1735.0,100,173500.0,898458,899338,401272,6,S,1258701,20230321093354
600519,2023-03-21 09:33:57.800,1734.52,100,173452.0,898201,900893,402158,6,S,1261019,20230321093354
600519,2023-03-21 09:33:58.140,1734.52,100,173452.0,898201,901459,402398,6,S,1261810,20230321093357
600519,2023-03-21 09:33:59.390,1734.15,100,173415.0,898117,903359,403542,6,S,1264855,20230321093357
600519,2023-03-21 09:34:00.050,1734.16,100,173416.0,903406,904402,404109,6,S,1266415,20230321093357
600519,2023-03-21 09:34:00.500,1734.16,100,173416.0,903406,905305,404576,6,S,1267794,20230321093357
600519,2023-03-21 09:34:00.900,1734.52,100,173452.0,906157,902736,405153,6,B,1269134,20230321093400
600519,2023-03-21 09:34:00.960,1734.52,100,173452.0,906157,906257,405186,6,S,1269266,20230321093400
600519,2023-03-21 09:34:01.090,1734.52,100,173452.0,906501,906531,405324,6,S,1269648,20230321093400
600519,2023-03-21 09:34:02.440,1734.16,100,173416.0,903406,909046,406802,6,S,1273483,20230321093400
600519,2023-03-21 09:34:03.050,1734.15,100,173415.0,898117,910177,407448,6,S,1275148,20230321093400
600519,2023-03-21 09:34:03.480,1734.51,100,173451.0,911079,906614,408086,6,B,1276574,20230321093400
600519,2023-03-21 09:34:04.000,1734.52,100,173452.0,912095,910301,408650,6,B,1278078,20230321093403
600519,2023-03-21 09:34:06.120,1734.0,100,173400.0,863662,916034,411250,6,S,1284271,20230321093403
600519,2023-03-21 09:34:06.340,1734.01,100,173401.0,916333,916473,411526,6,S,1285000,20230321093403
600519,2023-03-21 09:34:06.660,1734.01,100,173401.0,916333,917146,411941,6,S,1286092,20230321093403
600519,2023-03-21 09:34:06.660,1734.0,200,346800.0,863662,917146,411942,6,S,1286093,20230321093403
600519,2023-03-21 09:34:06.950,1734.0,200,346800.0,865636,917700,412418,6,S,1287077,20230321093406
600519,2023-03-21 09:34:07.460,1734.16,100,173416.0,918717,914083,413097,6,B,1288728,20230321093406
600519,2023-03-21 09:34:07.700,1734.0,100,173400.0,865636,919138,413406,6,S,1289451,20230321093406
600519,2023-03-21 09:34:08.160,1734.16,100,173416.0,919953,914083,414008,6,B,1290772,20230321093406
600519,2023-03-21 09:34:08.160,1734.16,100,173416.0,919953,914850,414009,6,B,1290773,20230321093406
600519,2023-03-21 09:34:09.620,1734.16,100,173416.0,922824,914850,415593,6,B,1295044,20230321093406
600519,2023-03-21 09:34:10.920,1734.0,100,173400.0,867592,925183,417072,6,S,1298774,20230321093409
600519,2023-03-21 09:34:10.920,1734.0,100,173400.0,897106,925183,417073,6,S,1298775,20230321093409
600519,2023-03-21 09:34:11.310,1734.16,100,173416.0,925913,914850,417482,6,B,1299924,20230321093409
600519,2023-03-21 09:34:11.310,1734.16,100,173416.0,925927,925712,417490,6,B,1299947,20230321093409
600519,2023-03-21 09:34:11.310,1734.16,100,173416.0,925928,925712,417491,6,B,1299948,20230321093409
600519,2023-03-21 09:34:12.220,1734.16,100,173416.0,927414,925712,418350,6,B,1302195,20230321093409
600519,2023-03-21 09:34:12.560,1734.05,100,173405.0,928015,927944,418679,6,B,1303084,20230321093409
600519,2023-03-21 09:34:12.950,1734.0,100,173400.0,920672,928736,419207,6,S,1304250,20230321093412
600519,2023-03-21 09:34:13.960,1734.01,100,173401.0,928930,930468,420167,6,S,1306876,20230321093412
600519,2023-03-21 09:34:15.120,1733.8,100,173380.0,857675,932597,421416,6,S,1310090,20230321093412
600519,2023-03-21 09:34:15.200,1734.0,100,173400.0,932800,932190,421533,6,B,1310394,20230321093412
600519,2023-03-21 09:34:15.200,1734.0,100,173400.0,932800,932758,421534,6,B,1310395,20230321093412
600519,2023-03-21 09:34:15.410,1734.0,100,173400.0,933198,932758,421788,6,B,1311042,20230321093412
600519,2023-03-21 09:34:16.470,1733.8,100,173380.0,935105,933451,422945,6,B,1313872,20230321093415
600519,2023-03-21 09:34:17.060,1733.73,100,173373.0,922846,936029,423364,6,S,1315177,20230321093415
600519,2023-03-21 09:34:18.030,1733.8,100,173380.0,937656,933451,424395,6,B,1317747,20230321093415
600519,2023-03-21 09:34:18.030,1733.8,100,173380.0,937657,933451,424396,6,B,1317748,20230321093415
600519,2023-03-21 09:34:19.430,1733.74,100,173374.0,939802,940441,426219,6,S,1322075,20230321093418
600519,2023-03-21 09:34:19.430,1733.73,100,173373.0,922846,940441,426220,6,S,1322076,20230321093418
600519,2023-03-21 09:34:20.270,1733.8,400,693520.0,941814,937765,426967,6,B,1324042,20230321093418
600519,2023-03-21 09:34:21.090,1733.8,100,173380.0,943411,937765,427932,6,B,1326413,20230321093418
600519,2023-03-21 09:34:22.640,1733.8,100,173380.0,946119,945806,429470,6,B,1330381,20230321093421
600519,2023-03-21 09:34:22.810,1733.8,200,346760.0,946449,945806,429661,6,B,1330830,20230321093421
600519,2023-03-21 09:34:22.970,1733.8,100,173380.0,946680,945806,429777,6,B,1331151,20230321093421
600519,2023-03-21 09:34:23.150,1733.73,100,173373.0,934800,946989,429996,6,S,1331637,20230321093421
600519,2023-03-21 09:34:24.940,1733.9,100,173390.0,950057,940491,431572,6,B,1336211,20230321093424
600519,2023-03-21 09:34:24.940,1734.0,100,173400.0,950057,940541,431573,6,B,1336212,20230321093424
600519,2023-03-21 09:34:25.000,1733.73,200,346746.0,934800,950122,431647,6,S,1336346,20230321093424
600519,2023-03-21 09:34:25.380,1733.73,100,173373.0,950607,950849,432106,6,S,1337417,20230321093424
600519,2023-03-21 09:34:25.380,1733.72,100,173372.0,943695,950849,432107,6,S,1337418,20230321093424
600519,2023-03-21 09:34:25.550,1733.72,100,173372.0,951091,950849,432252,6,B,1337774,20230321093424
600519,2023-03-21 09:34:28.120,1733.9,100,173390.0,955297,951159,434360,6,B,1343866,20230321093427
600519,2023-03-21 09:34:28.710,1733.8,100,173380.0,951450,956206,434808,6,S,1345160,20230321093427
600519,2023-03-21 09:34:30.250,1733.8,100,173380.0,951450,958575,436093,6,S,1348711,20230321093427
600519,2023-03-21 09:34:30.580,1733.8,100,173380.0,951834,959085,436500,6,S,1349563,20230321093427
600519,2023-03-21 09:34:30.580,1733.74,200,346748.0,952160,959085,436501,6,S,1349564,20230321093427
600519,2023-03-21 09:34:31.100,1735.0,100,173500.0,960034,911496,437141,6,B,1351029,20230321093430
600519,2023-03-21 09:34:31.110,1733.04,100,173304.0,959656,960075,437156,6,S,1351079,20230321093430
600519,2023-03-21 09:34:31.540,1733.73,100,173373.0,960770,960594,437592,6,B,1352124,20230321093430
600519,2023-03-21 09:34:31.810,1733.04,100,173304.0,959730,961240,437832,6,S,1352752,20230321093430
600519,2023-03-21 09:34:34.090,1733.04,100,173304.0,959730,965043,440252,6,S,1358661,20230321093433
600519,2023-03-21 09:34:35.050,1733.9,100,173390.0,965533,966570,441039,6,S,1360807,20230321093433
600519,2023-03-21 09:34:35.490,1733.04,100,173304.0,963663,967378,441534,6,S,1362085,20230321093433
600519,2023-03-21 09:34:35.490,1733.04,100,173304.0,964781,967378,441535,6,S,1362086,20230321093433
600519,2023-03-21 09:34:35.520,1733.04,100,173304.0,966219,967413,441580,6,S,1362162,20230321093433
600519,2023-03-21 09:34:36.950,1733.04,100,173304.0,966219,969875,443186,6,S,1365886,20230321093436
600519,2023-03-21 09:34:37.660,1733.24,100,173324.0,970053,970996,443983,6,S,1367693,20230321093436
600519,2023-03-21 09:34:37.990,1735.0,100,173500.0,971480,937548,444226,6,B,1368390,20230321093436
600519,2023-03-21 09:34:38.010,1733.05,100,173305.0,971283,971490,444241,6,S,1368414,20230321093436
600519,2023-03-21 09:34:38.300,1733.8,200,346760.0,972035,971569,444598,6,B,1369267,20230321093436
600519,2023-03-21 09:34:43.920,1733.04,100,173304.0,967595,980827,449932,6,S,1382876,20230321093442
600519,2023-03-21 09:34:43.920,1733.04,100,173304.0,968608,980827,449933,6,S,1382877,20230321093442
600519,2023-03-21 09:34:45.040,1733.04,100,173304.0,975762,982614,451006,6,S,1385546,20230321093442
600519,2023-03-21 09:34:45.560,1733.05,100,173305.0,983005,983532,451586,6,S,1386933,20230321093442
600519,2023-03-21 09:34:45.560,1733.03,100,173303.0,977882,983532,451587,6,S,1386934,20230321093442
600519,2023-03-21 09:34:47.320,1733.01,100,173301.0,980813,986475,452996,6,S,1391154,20230321093445
600519,2023-03-21 09:34:47.440,1733.0,100,173300.0,781282,986596,453066,6,S,1391347,20230321093445
600519,2023-03-21 09:34:48.060,1733.0,100,173300.0,864359,987507,453520,6,S,1392655,20230321093445
600519,2023-03-21 09:34:48.970,1733.0,100,173300.0,909190,988893,454517,6,S,1394881,20230321093448
600519,2023-03-21 09:34:48.970,1733.0,100,173300.0,988322,988893,454518,6,S,1394882,20230321093448
600519,2023-03-21 09:34:51.140,1733.0,100,173300.0,992186,988894,456244,6,B,1399621,20230321093448
600519,2023-03-21 09:34:53.120,1732.99,100,173299.0,992642,995327,458069,6,S,1404225,20230321093451
600519,2023-03-21 09:34:53.120,1732.5,100,173250.0,969133,995327,458070,6,S,1404226,20230321093451
600519,2023-03-21 09:34:53.120,1732.38,100,173238.0,942863,995327,458071,6,S,1404227,20230321093451
600519,2023-03-21 09:34:53.120,1732.37,100,173237.0,744865,995327,458072,6,S,1404228,20230321093451
600519,2023-03-21 09:34:53.380,1733.0,300,519900.0,995718,988894,458299,6,B,1404777,20230321093451
600519,2023-03-21 09:34:53.570,1732.37,100,173237.0,744865,995949,458428,6,S,1405112,20230321093451
600519,2023-03-21 09:34:55.990,1732.5,100,173250.0,999830,999324,460691,6,B,1410906,20230321093454
600519,2023-03-21 09:34:57.030,1732.3,100,173230.0,742534,1001476,461573,6,S,1413312,20230321093454
600519,2023-03-21 09:34:57.300,1732.99,100,173299.0,1001966,999374,461837,6,B,1414027,20230321093454
600519,2023-03-21 09:34:57.950,1732.3,100,173230.0,1000196,1003184,462495,6,S,1415780,20230321093457
600519,2023-03-21 09:34:58.720,1732.37,100,173237.0,1003354,1004384,463224,6,S,1417601,20230321093457
600519,2023-03-21 09:34:58.920,1732.3,100,173230.0,1004692,1004384,463387,6,B,1418063,20230321093457
600519,2023-03-21 09:34:58.920,1732.0,100,173200.0,737263,1004699,463389,6,S,1418071,20230321093457
600519,2023-03-21 09:35:00.770,1732.3,100,173230.0,1008131,1004737,465500,6,B,1423345,20230321093457
600519,2023-03-21 09:35:00.990,1732.3,100,173230.0,1008508,1008281,465745,6,B,1423896,20230321093500
600519,2023-03-21 09:35:01.500,1732.99,100,173299.0,1009508,1001592,466349,6,B,1425338,20230321093500
600519,2023-03-21 09:35:02.040,1732.3,100,173230.0,1010499,1009512,467002,6,B,1426844,20230321093500
600519,2023-03-21 09:35:02.960,1732.0,200,346400.0,745262,1012175,468039,6,S,1429378,20230321093500
600519,2023-03-21 09:35:04.980,1732.0,100,173200.0,746311,1015854,470235,6,S,1434942,20230321093503
600519,2023-03-21 09:35:05.030,1732.0,100,173200.0,1004151,1015937,470310,6,S,1435094,20230321093503
600519,2023-03-21 09:35:05.190,1732.0,100,173200.0,1009845,1016307,470531,6,S,1435631,20230321093503
600519,2023-03-21 09:35:05.700,1731.51,100,173151.0,731764,1017325,471203,6,S,1437252,20230321093503
600519,2023-03-21 09:35:05.770,1731.51,100,173151.0,1017467,1017325,471284,6,B,1437452,20230321093503
600519,2023-03-21 09:35:07.140,1732.3,100,173230.0,1020338,1017682,473071,6,B,1442030,20230321093506
600519,2023-03-21 09:35:07.290,1732.3,700,1212610.0,1020684,1017739,473360,6,B,1442630,20230321093506
600519,2023-03-21 09:35:07.530,1732.3,200,346460.0,1021160,1021019,473619,6,B,1443322,20230321093506
600519,2023-03-21 09:35:08.460,1733.04,200,346608.0,1022985,1000281,474762,6,B,1446101,20230321093506
600519,2023-03-21 09:35:08.980,1733.04,100,173304.0,1023097,1023982,475481,6,S,1447706,20230321093506
600519,2023-03-21 09:35:08.980,1733.0,100,173300.0,1022490,1023982,475482,6,S,1447707,20230321093506
600519,2023-03-21 09:35:08.980,1732.91,100,173291.0,1022538,1023982,475483,6,S,1447708,20230321093506
600519,2023-03-21 09:35:09.320,1733.2,100,173320.0,1024676,988897,475928,6,B,1448770,20230321093506
600519,2023-03-21 09:35:09.990,1733.8,100,173380.0,1025946,1009565,476672,6,B,1450696,20230321093509
600519,2023-03-21 09:35:10.740,1732.3,200,346460.0,1021407,1027384,477727,6,S,1452986,20230321093509
600519,2023-03-21 09:35:11.970,1733.8,100,173380.0,1029675,1029763,479223,6,S,1456697,20230321093509
600519,2023-03-21 09:35:13.610,1733.8,100,173380.0,1029675,1032874,481149,6,S,1461476,20230321093512
600519,2023-03-21 09:35:13.610,1732.3,100,173230.0,1021461,1032874,481150,6,S,1461477,20230321093512
600519,2023-03-21 09:35:15.070,1732.3,100,173230.0,1021461,1035338,482813,6,S,1465309,20230321093512
600519,2023-03-21 09:35:15.070,1732.3,100,173230.0,1023199,1035338,482814,6,S,1465310,20230321093512
600519,2023-03-21 09:35:16.230,1732.3,400,692920.0,1037445,1036195,484311,6,B,1468849,20230321093515
600519,2023-03-21 09:35:17.690,1732.3,100,173230.0,1039785,1038793,485681,6,B,1472443,20230321093515
600519,2023-03-21 09:35:20.090,1732.33,100,173233.0,1043611,1043751,488023,6,S,1478432,20230321093518
600519,2023-03-21 09:35:20.940,1733.98,100,173398.0,1045153,1041197,488783,6,B,1480634,20230321093518
600519,2023-03-21 09:35:21.080,1732.3,200,346460.0,1042820,1045459,488960,6,S,1481074,20230321093518
600519,2023-03-21 09:35:21.970,1732.3,100,173230.0,1047147,1047211,490424,6,S,1484105,20230321093521
600519,2023-03-21 09:35:25.070,1732.86,100,173286.0,1053182,1047212,493954,6,B,1492947,20230321093524
600519,2023-03-21 09:35:25.230,1732.3,100,173230.0,1048402,1053474,494135,6,S,1493369,20230321093524
600519,2023-03-21 09:35:25.870,1732.86,300,519858.0,1054804,1054777,494696,6,B,1495237,20230321093524
600519,2023-03-21 09:35:25.870,1733.98,200,346796.0,1054804,1050719,494697,6,B,1495238,20230321093524
600519,2023-03-21 09:35:25.900,1732.3,100,173230.0,1049516,1054842,494721,6,S,1495295,20230321093524
600519,2023-03-21 09:35:26.060,1732.03,100,173203.0,1055111,1054842,494875,6,B,1495723,20230321093524
600519,2023-03-21 09:35:27.420,1733.98,200,346796.0,1057803,1050719,496380,6,B,1499747,20230321093524
600519,2023-03-21 09:35:27.730,1733.98,200,346796.0,1057803,1058326,496693,6,S,1500535,20230321093524
600519,2023-03-21 09:35:29.030,1732.51,200,346502.0,1060586,1060735,498187,6,S,1504205,20230321093527
600519,2023-03-21 09:35:29.760,1732.86,100,173286.0,1062048,1058326,498942,6,B,1506176,20230321093527
600519,2023-03-21 09:35:29.760,1733.99,100,173399.0,1062048,1017870,498943,6,B,1506177,20230321093527
