TradingTime,TradeVolume,TradeValue,SecurityID,OrderNo,OfferNo,TradeNo,ChannelCode,SBMark,SerialNo,SendingTime,TradePrice
2023-03-21 09:25:00,12453,21605955.0,600519.0,196938.0,218660.0,13354.0,6.0,N,106305.0,20230321092500.0,1735.0
2023-03-21 09:30:00,1200,2082880.0,600519.0,196938.0,229421.0,29724.0,6.0,S,264545.0,20230321093000.0,1735.7333333333333
2023-03-21 09:30:01,200,347180.0,600519.0,233412.0,241912.0,33625.0,6.0,S,279939.0,20230321093000.0,1735.9
2023-03-21 09:30:02,900,1561840.0,600519.0,247139.0,254287.0,37306.0,6.0,S,294663.0,20230321093003.0,1735.3777777777777
2023-03-21 09:30:03,500,867569.0,600519.0,266264.0,260968.0,41004.0,6.0,B,309249.0,20230321093003.0,1735.138
2023-03-21 09:30:04,800,1388246.0,600519.0,207338.0,276689.0,44074.0,6.0,S,321609.0,20230321093003.0,1735.3075
2023-03-21 09:30:05,2300,3991647.0,600519.0,207338.0,292100.0,49525.0,6.0,S,340628.0,20230321093006.0,1735.4986956521739
2023-03-21 09:30:06,500,867960.0,600519.0,300078.0,287920.0,52292.0,6.0,B,350411.0,20230321093006.0,1735.92
2023-03-21 09:30:07,900,1562308.0,600519.0,307226.0,310667.0,55870.0,6.0,S,363302.0,20230321093006.0,1735.8977777777777
2023-03-21 09:30:08,1100,1909469.0,600519.0,322527.0,329879.0,62558.0,6.0,S,387464.0,20230321093009.0,1735.8809090909092
2023-03-21 09:30:09,2100,3645154.0,600519.0,319970.0,338563.0,65707.0,6.0,S,398482.0,20230321093009.0,1735.787619047619
2023-03-21 09:30:10,1700,2949660.0,600519.0,270720.0,352873.0,70931.0,6.0,S,417117.0,20230321093012.0,1735.0941176470587
2023-03-21 09:30:11,1347,2337142.39,600519.0,364299.0,361872.0,75562.0,6.0,B,432545.0,20230321093015.0,1735.072301410542
2023-03-21 09:30:12,600,1040990.0,600519.0,374181.0,367302.0,79538.0,6.0,B,445917.0,20230321093015.0,1734.9833333333333
2023-03-21 09:30:13,1100,1907663.0,600519.0,383002.0,376312.0,84184.0,6.0,B,459003.0,20230321093015.0,1734.239090909091
2023-03-21 09:30:14,1200,2081057.0,600519.0,389505.0,382592.0,87025.0,6.0,B,468364.0,20230321093018.0,1734.2141666666666
2023-03-21 09:30:15,700,1213230.0,600519.0,394493.0,390332.0,89640.0,6.0,B,476156.0,20230321093018.0,1733.1857142857143
2023-03-21 09:30:16,2500,4330997.0,600519.0,147780.0,398197.0,91561.0,6.0,S,482407.0,20230321093018.0,1732.3988
2023-03-21 09:30:17,2100,3638750.0,600519.0,402086.0,395118.0,93722.0,6.0,B,488817.0,20230321093018.0,1732.7380952380952
2023-03-21 09:30:18,700,1212780.0,600519.0,185111.0,405331.0,95422.0,6.0,S,493917.0,20230321093021.0,1732.5428571428572
2023-03-21 09:30:19,300,519485.0,600519.0,213922.0,407753.0,96842.0,6.0,S,497786.0,20230321093021.0,1731.6166666666666
2023-03-21 09:30:20,2400,4156470.0,600519.0,361800.0,410803.0,98647.0,6.0,S,502909.0,20230321093021.0,1731.8625
2023-03-21 09:30:21,600,1038020.0,600519.0,212351.0,414743.0,101382.0,6.0,S,509421.0,20230321093021.0,1730.0333333333333
2023-03-21 09:30:22,2900,5022222.0,600519.0,70070.0,417260.0,103222.0,6.0,S,513675.0,20230321093021.0,1731.8006896551724
2023-03-21 09:30:23,100,172960.0,600519.0,110920.0,417761.0,103474.0,6.0,S,514422.0,20230321093021.0,1729.6
2023-03-21 09:30:24,1300,2248900.0,600519.0,423612.0,423594.0,107136.0,6.0,B,523584.0,20230321093024.0,1729.923076923077
2023-03-21 09:30:25,500,864793.0,600519.0,424168.0,426604.0,108900.0,6.0,S,528161.0,20230321093024.0,1729.586
2023-03-21 09:30:26,400,691830.0,600519.0,429041.0,429234.0,110538.0,6.0,S,532472.0,20230321093024.0,1729.575
2023-03-21 09:30:27,200,345905.0,600519.0,428944.0,432833.0,112703.0,6.0,S,538068.0,20230321093027.0,1729.525
2023-03-21 09:30:28,1800,3113275.0,600519.0,434207.0,434646.0,113799.0,6.0,S,540884.0,20230321093027.0,1729.5972222222222
2023-03-21 09:30:29,500,864837.0,600519.0,433865.0,438111.0,116116.0,6.0,S,546600.0,20230321093027.0,1729.674
2023-03-21 09:30:30,400,691915.0,600519.0,441689.0,425719.0,118469.0,6.0,B,552534.0,20230321093030.0,1729.7875
2023-03-21 09:30:31,200,345906.0,600519.0,442056.0,442057.0,118806.0,6.0,S,553182.0,20230321093030.0,1729.53
2023-03-21 09:30:32,200,345768.0,600519.0,370491.0,445508.0,120949.0,6.0,S,558634.0,20230321093030.0,1728.84
2023-03-21 09:30:33,200,345883.0,600519.0,450889.0,449575.0,124424.0,6.0,B,567258.0,20230321093030.0,1729.415
2023-03-21 09:30:34,1300,2247471.0,600519.0,454535.0,454048.0,126675.0,6.0,B,573091.0,20230321093033.0,1728.8238461538463
2023-03-21 09:30:35,600,1037436.0,600519.0,455205.0,457054.0,128523.0,6.0,S,577246.0,20230321093033.0,1729.06
2023-03-21 09:30:36,600,1036892.0,600519.0,461288.0,457054.0,131401.0,6.0,B,584357.0,20230321093036.0,1728.1533333333334
2023-03-21 09:30:37,500,864073.0,600519.0,148490.0,462805.0,132372.0,6.0,S,586740.0,20230321093036.0,1728.146
2023-03-21 09:30:38,300,518421.0,600519.0,466196.0,466203.0,134651.0,6.0,S,592264.0,20230321093036.0,1728.07
2023-03-21 09:30:39,500,863955.0,600519.0,300118.0,470131.0,137207.0,6.0,S,598483.0,20230321093039.0,1727.91
2023-03-21 09:30:40,100,172616.0,600519.0,470852.0,471967.0,138492.0,6.0,S,601346.0,20230321093039.0,1726.16
2023-03-21 09:30:42,700,1209788.0,600519.0,477360.0,478943.0,143266.0,6.0,S,612456.0,20230321093042.0,1728.2685714285715
2023-03-21 09:30:43,300,518550.0,600519.0,477360.0,479145.0,143425.0,6.0,S,612792.0,20230321093042.0,1728.5
2023-03-21 09:30:44,400,691400.0,600519.0,477360.0,483708.0,146483.0,6.0,S,619943.0,20230321093042.0,1728.5
2023-03-21 09:30:45,800,1381909.0,600519.0,487109.0,425719.0,148478.0,6.0,B,625211.0,20230321093045.0,1727.38625
2023-03-21 09:30:46,100,172999.0,600519.0,487589.0,487184.0,148750.0,6.0,B,625939.0,20230321093045.0,1729.99
2023-03-21 09:30:48,1300,2247018.0,600519.0,494662.0,488865.0,152807.0,6.0,B,636748.0,20230321093048.0,1728.4753846153847
2023-03-21 09:30:49,400,691403.0,600519.0,494887.0,496794.0,154188.0,6.0,S,640254.0,20230321093048.0,1728.5075
2023-03-21 09:30:50,1500,2597275.0,600519.0,497791.0,498214.0,155028.0,6.0,S,642475.0,20230321093048.0,1731.5166666666667
2023-03-21 09:30:52,400,692000.0,600519.0,501044.0,503619.0,158279.0,6.0,S,650971.0,20230321093051.0,1730.0
2023-03-21 09:30:54,900,1557000.0,600519.0,501044.0,508191.0,160817.0,6.0,S,657913.0,20230321093051.0,1730.0
2023-03-21 09:30:55,600,1038000.0,600519.0,501044.0,508848.0,161199.0,6.0,S,658965.0,20230321093054.0,1730.0
2023-03-21 09:30:57,100,173000.0,600519.0,501044.0,514128.0,164368.0,6.0,S,667371.0,20230321093054.0,1730.0
2023-03-21 09:30:59,200,346000.0,600519.0,509623.0,519287.0,167367.0,6.0,S,675096.0,20230321093057.0,1730.0
2023-03-21 09:31:00,400,692000.0,600519.0,515983.0,522739.0,169333.0,6.0,S,680290.0,20230321093100.0,1730.0
2023-03-21 09:31:01,100,173000.0,600519.0,517337.0,524470.0,170378.0,6.0,S,682833.0,20230321093100.0,1730.0
2023-03-21 09:31:03,100,173000.0,600519.0,529989.0,524470.0,173445.0,6.0,B,691201.0,20230321093100.0,1730.0
2023-03-21 09:31:04,400,691553.0,600519.0,529876.0,532965.0,175293.0,6.0,S,695822.0,20230321093103.0,1728.8825
2023-03-21 09:31:05,400,691524.0,600519.0,502760.0,535624.0,176893.0,6.0,S,700023.0,20230321093103.0,1728.81
2023-03-21 09:31:06,800,1383193.0,600519.0,538672.0,533363.0,178968.0,6.0,B,705094.0,20230321093106.0,1728.99125
2023-03-21 09:31:07,100,173000.0,600519.0,539387.0,533363.0,179403.0,6.0,B,706163.0,20230321093106.0,1730.0
2023-03-21 09:31:08,200,346000.0,600519.0,543950.0,538790.0,182245.0,6.0,B,713382.0,20230321093106.0,1730.0
2023-03-21 09:31:09,300,519000.0,600519.0,545316.0,545291.0,183017.0,6.0,B,715476.0,20230321093106.0,1730.0
2023-03-21 09:31:10,200,345999.0,600519.0,548430.0,545291.0,184913.0,6.0,B,720213.0,20230321093109.0,1729.995
2023-03-21 09:31:11,100,173000.0,600519.0,550148.0,545298.0,185977.0,6.0,B,722841.0,20230321093109.0,1730.0
2023-03-21 09:31:13,100,173000.0,600519.0,555643.0,552074.0,189398.0,6.0,B,731265.0,20230321093112.0,1730.0
2023-03-21 09:31:14,300,518997.0,600519.0,559902.0,557492.0,192386.0,6.0,B,738293.0,20230321093112.0,1729.99
2023-03-21 09:31:15,500,864598.0,600519.0,561768.0,562593.0,194008.0,6.0,S,742455.0,20230321093115.0,1729.196
2023-03-21 09:31:17,300,519000.0,600519.0,563539.0,565381.0,195765.0,6.0,S,746774.0,20230321093115.0,1730.0
2023-03-21 09:31:18,100,172900.0,600519.0,565329.0,569388.0,198542.0,6.0,S,753337.0,20230321093118.0,1729.0
2023-03-21 09:31:19,300,519576.0,600519.0,570928.0,551010.0,199576.0,6.0,B,755765.0,20230321093118.0,1731.92
2023-03-21 09:31:22,100,173181.0,600519.0,576556.0,576843.0,203192.0,6.0,S,764855.0,20230321093121.0,1731.81
2023-03-21 09:31:23,100,173185.0,600519.0,580718.0,573178.0,206062.0,6.0,B,771072.0,20230321093121.0,1731.85
2023-03-21 09:31:24,700,1211185.0,600519.0,570526.0,583009.0,207425.0,6.0,S,774565.0,20230321093124.0,1730.2642857142857
2023-03-21 09:31:25,700,1211428.0,600519.0,570526.0,585193.0,209408.0,6.0,S,778364.0,20230321093124.0,1730.6114285714286
2023-03-21 09:31:26,100,173182.0,600519.0,585440.0,583644.0,209527.0,6.0,B,778721.0,20230321093124.0,1731.82
2023-03-21 09:31:28,200,346366.0,600519.0,591057.0,582255.0,213079.0,6.0,B,787327.0,20230321093127.0,1731.83
2023-03-21 09:31:29,200,346004.0,600519.0,588250.0,592563.0,214122.0,6.0,S,789707.0,20230321093127.0,1730.02
2023-03-21 09:31:30,600,1038362.0,600519.0,595547.0,595434.0,215907.0,6.0,B,794086.0,20230321093127.0,1730.6033333333332
2023-03-21 09:31:31,100,173172.0,600519.0,599312.0,595796.0,218458.0,6.0,B,799966.0,20230321093130.0,1731.72
2023-03-21 09:31:32,100,173182.0,600519.0,600540.0,596247.0,219278.0,6.0,B,801831.0,20230321093130.0,1731.82
2023-03-21 09:31:33,100,173182.0,600519.0,603632.0,597183.0,221212.0,6.0,B,806630.0,20230321093133.0,1731.82
2023-03-21 09:31:34,200,346030.0,600519.0,602324.0,606014.0,222579.0,6.0,S,810236.0,20230321093133.0,1730.15
2023-03-21 09:31:35,600,1038362.0,600519.0,608089.0,607801.0,223900.0,6.0,B,813474.0,20230321093133.0,1730.6033333333332
2023-03-21 09:31:36,200,346364.0,600519.0,610231.0,610286.0,225258.0,6.0,S,816815.0,20230321093136.0,1731.82
2023-03-21 09:31:37,600,1038242.0,600519.0,612452.0,611387.0,226400.0,6.0,B,819882.0,20230321093136.0,1730.4033333333334
2023-03-21 09:31:38,300,519500.0,600519.0,613852.0,612273.0,227367.0,6.0,B,822010.0,20230321093136.0,1731.6666666666667
2023-03-21 09:31:40,200,346361.0,600519.0,618351.0,616496.0,230154.0,6.0,B,828983.0,20230321093139.0,1731.805
2023-03-21 09:31:41,400,692745.0,600519.0,620601.0,620691.0,231647.0,6.0,S,832476.0,20230321093139.0,1731.8625
2023-03-21 09:31:43,400,692796.0,600519.0,624912.0,623342.0,234213.0,6.0,B,838830.0,20230321093142.0,1731.99
2023-03-21 09:31:45,900,1558472.0,600519.0,628726.0,625492.0,236584.0,6.0,B,844666.0,20230321093142.0,1731.6355555555556
2023-03-21 09:31:47,100,173182.0,600519.0,632356.0,631878.0,238929.0,6.0,B,850327.0,20230321093145.0,1731.82
2023-03-21 09:31:49,1000,1731990.0,600519.0,637224.0,601982.0,242065.0,6.0,B,857879.0,20230321093148.0,1731.99
2023-03-21 09:31:51,100,173200.0,600519.0,637224.0,639908.0,243857.0,6.0,S,862131.0,20230321093148.0,1732.0
2023-03-21 09:31:54,300,519600.0,600519.0,639379.0,647492.0,248185.0,6.0,S,873352.0,20230321093154.0,1732.0
2023-03-21 09:31:55,600,1039120.0,600519.0,640781.0,649256.0,249274.0,6.0,S,876050.0,20230321093154.0,1731.8666666666666
2023-03-21 09:31:56,100,173140.0,600519.0,651145.0,649927.0,250397.0,6.0,B,878893.0,20230321093154.0,1731.4
2023-03-21 09:31:57,100,173100.0,600519.0,637077.0,653112.0,251463.0,6.0,S,881725.0,20230321093157.0,1731.0
2023-03-21 09:31:58,100,173100.0,600519.0,653330.0,653113.0,251593.0,6.0,B,882053.0,20230321093157.0,1731.0
2023-03-21 09:31:59,200,346200.0,600519.0,655812.0,653116.0,253140.0,6.0,B,885894.0,20230321093157.0,1731.0
2023-03-21 09:32:00,100,173100.0,600519.0,659139.0,653116.0,255078.0,6.0,B,890818.0,20230321093157.0,1731.0
2023-03-21 09:32:01,100,173002.0,600519.0,659485.0,659740.0,255452.0,6.0,S,891714.0,20230321093200.0,1730.02
2023-03-21 09:32:02,400,692302.0,600519.0,659485.0,663907.0,257683.0,6.0,S,897872.0,20230321093200.0,1730.755
2023-03-21 09:32:04,200,346200.0,600519.0,668254.0,656777.0,260471.0,6.0,B,904559.0,20230321093203.0,1731.0
2023-03-21 09:32:05,600,1038403.0,600519.0,614064.0,669865.0,261542.0,6.0,S,907017.0,20230321093203.0,1730.6716666666666
2023-03-21 09:32:07,100,173151.0,600519.0,675704.0,649714.0,265502.0,6.0,B,916241.0,20230321093206.0,1731.51
2023-03-21 09:32:09,200,346175.0,600519.0,680379.0,649439.0,268497.0,6.0,B,923402.0,20230321093206.0,1730.875
2023-03-21 09:32:10,100,173151.0,600519.0,680265.0,683033.0,269976.0,6.0,S,927251.0,20230321093209.0,1731.51
2023-03-21 09:32:11,300,519205.0,600519.0,676256.0,685772.0,271610.0,6.0,S,931519.0,20230321093209.0,1730.6833333333334
2023-03-21 09:32:12,200,346155.0,600519.0,687145.0,687398.0,272690.0,6.0,S,934109.0,20230321093209.0,1730.775
2023-03-21 09:32:13,300,519291.0,600519.0,690361.0,690550.0,274614.0,6.0,S,938887.0,20230321093212.0,1730.97
2023-03-21 09:32:14,200,346180.0,600519.0,690361.0,692692.0,275977.0,6.0,S,942162.0,20230321093212.0,1730.9
2023-03-21 09:32:15,200,346010.0,600519.0,693157.0,693934.0,276661.0,6.0,S,944013.0,20230321093212.0,1730.05
2023-03-21 09:32:16,100,173005.0,600519.0,695629.0,693934.0,277680.0,6.0,B,946591.0,20230321093215.0,1730.05
2023-03-21 09:32:18,1400,2424004.0,600519.0,701823.0,648970.0,281291.0,6.0,B,956087.0,20230321093215.0,1731.4314285714286
2023-03-21 09:32:19,200,346207.0,600519.0,701809.0,703777.0,282327.0,6.0,S,958922.0,20230321093218.0,1731.035
2023-03-21 09:32:20,200,346302.0,600519.0,704359.0,708150.0,284928.0,6.0,S,965582.0,20230321093218.0,1731.51
2023-03-21 09:32:22,100,173199.0,600519.0,711291.0,707707.0,286779.0,6.0,B,970336.0,20230321093221.0,1731.99
2023-03-21 09:32:24,500,865998.0,600519.0,718765.0,657836.0,290740.0,6.0,B,981160.0,20230321093224.0,1731.996
2023-03-21 09:32:25,600,1038605.0,600519.0,708695.0,719752.0,291517.0,6.0,S,982748.0,20230321093224.0,1731.0083333333334
2023-03-21 09:32:26,100,173200.0,600519.0,722874.0,661311.0,293961.0,6.0,B,987995.0,20230321093224.0,1732.0
2023-03-21 09:32:28,200,346209.0,600519.0,723413.0,726294.0,295881.0,6.0,S,993098.0,20230321093227.0,1731.045
2023-03-21 09:32:29,200,346399.0,600519.0,729432.0,661311.0,297810.0,6.0,B,998038.0,20230321093227.0,1731.995
2023-03-21 09:32:31,500,865999.0,600519.0,733760.0,733647.0,300165.0,6.0,B,1004486.0,20230321093230.0,1731.998
2023-03-21 09:32:32,100,173230.0,600519.0,735169.0,645567.0,301246.0,6.0,B,1006951.0,20230321093230.0,1732.3
2023-03-21 09:32:33,100,173237.0,600519.0,738808.0,542946.0,303420.0,6.0,B,1012520.0,20230321093233.0,1732.37
2023-03-21 09:32:34,300,519637.0,600519.0,733760.0,740832.0,304431.0,6.0,S,1015508.0,20230321093233.0,1732.1233333333332
2023-03-21 09:32:35,500,866138.0,600519.0,742711.0,446793.0,305565.0,6.0,B,1018439.0,20230321093233.0,1732.276
2023-03-21 09:32:36,100,173237.0,600519.0,744865.0,745052.0,306942.0,6.0,S,1022194.0,20230321093236.0,1732.37
2023-03-21 09:32:38,100,173380.0,600519.0,748377.0,675590.0,308745.0,6.0,B,1027420.0,20230321093236.0,1733.8
2023-03-21 09:32:39,200,346760.0,600519.0,748377.0,748809.0,308963.0,6.0,S,1028054.0,20230321093236.0,1733.8
2023-03-21 09:32:40,100,173239.0,600519.0,750354.0,750812.0,310228.0,6.0,S,1031240.0,20230321093239.0,1732.39
2023-03-21 09:32:41,100,173380.0,600519.0,754227.0,749726.0,312225.0,6.0,B,1036427.0,20230321093239.0,1733.8
2023-03-21 09:32:43,100,173379.0,600519.0,757042.0,756013.0,313972.0,6.0,B,1040854.0,20230321093242.0,1733.79
2023-03-21 09:32:44,300,520000.0,600519.0,754955.0,759948.0,315812.0,6.0,S,1045388.0,20230321093242.0,1733.3333333333333
2023-03-21 09:32:45,400,692960.0,600519.0,754955.0,760890.0,316379.0,6.0,S,1046739.0,20230321093242.0,1732.4
2023-03-21 09:32:46,400,693520.0,600519.0,762984.0,755645.0,317551.0,6.0,B,1049846.0,20230321093245.0,1733.8
2023-03-21 09:32:47,2300,3990029.0,600519.0,764984.0,765493.0,319249.0,6.0,S,1053743.0,20230321093245.0,1734.7952173913043
2023-03-21 09:32:48,600,1041000.0,600519.0,764984.0,767864.0,320604.0,6.0,S,1057205.0,20230321093248.0,1735.0
2023-03-21 09:32:49,200,347079.0,600519.0,764984.0,769620.0,321672.0,6.0,S,1059955.0,20230321093248.0,1735.395
2023-03-21 09:32:52,500,867578.0,600519.0,774652.0,768228.0,325232.0,6.0,B,1068230.0,20230321093251.0,1735.156
2023-03-21 09:32:53,200,347158.0,600519.0,776130.0,773480.0,326140.0,6.0,B,1070535.0,20230321093251.0,1735.79
2023-03-21 09:32:54,300,520503.0,600519.0,773932.0,778531.0,327509.0,6.0,S,1074203.0,20230321093254.0,1735.01
2023-03-21 09:32:55,700,1214504.0,600519.0,764984.0,780076.0,328572.0,6.0,S,1076673.0,20230321093254.0,1735.0057142857142
2023-03-21 09:32:56,200,347079.0,600519.0,780729.0,777623.0,328928.0,6.0,B,1077667.0,20230321093254.0,1735.395
2023-03-21 09:32:57,300,520501.0,600519.0,764984.0,784106.0,330943.0,6.0,S,1082893.0,20230321093257.0,1735.0033333333333
2023-03-21 09:32:58,200,347157.0,600519.0,784281.0,773480.0,331033.0,6.0,B,1083137.0,20230321093257.0,1735.785
2023-03-21 09:33:00,800,1388078.0,600519.0,788056.0,789964.0,334639.0,6.0,S,1092155.0,20230321093300.0,1735.0975
2023-03-21 09:33:01,300,520604.0,600519.0,791236.0,785094.0,335444.0,6.0,B,1094182.0,20230321093300.0,1735.3466666666666
2023-03-21 09:33:02,500,867504.0,600519.0,792970.0,793866.0,337255.0,6.0,S,1098541.0,20230321093300.0,1735.008
2023-03-21 09:33:03,300,520736.0,600519.0,795777.0,797674.0,339885.0,6.0,S,1104725.0,20230321093303.0,1735.7866666666666
2023-03-21 09:33:04,100,173579.0,600519.0,796058.0,798079.0,340139.0,6.0,S,1105330.0,20230321093303.0,1735.79
2023-03-21 09:33:05,500,867495.0,600519.0,790681.0,801736.0,342260.0,6.0,S,1110903.0,20230321093303.0,1734.99
2023-03-21 09:33:06,300,520658.0,600519.0,804666.0,660970.0,344255.0,6.0,B,1115728.0,20230321093303.0,1735.5266666666666
2023-03-21 09:33:07,100,173579.0,600519.0,805857.0,805662.0,345097.0,6.0,B,1117633.0,20230321093306.0,1735.79
2023-03-21 09:33:08,100,173580.0,600519.0,808900.0,799370.0,347009.0,6.0,B,1122383.0,20230321093306.0,1735.8
2023-03-21 09:33:10,300,520757.0,600519.0,813353.0,814352.0,350480.0,6.0,S,1130704.0,20230321093309.0,1735.8566666666666
2023-03-21 09:33:12,100,173599.0,600519.0,818935.0,782811.0,353301.0,6.0,B,1137671.0,20230321093312.0,1735.99
2023-03-21 09:33:14,500,867917.0,600519.0,822082.0,822882.0,355500.0,6.0,S,1143554.0,20230321093312.0,1735.834
2023-03-21 09:33:15,900,1562257.0,600519.0,808477.0,824711.0,356427.0,6.0,S,1146168.0,20230321093312.0,1735.841111111111
2023-03-21 09:33:16,700,1215094.0,600519.0,826212.0,825289.0,357329.0,6.0,B,1148430.0,20230321093315.0,1735.8485714285714
2023-03-21 09:33:17,300,520777.0,600519.0,827529.0,607625.0,358148.0,6.0,B,1150463.0,20230321093315.0,1735.9233333333334
2023-03-21 09:33:18,100,173600.0,600519.0,829249.0,607625.0,359130.0,6.0,B,1153042.0,20230321093315.0,1736.0
2023-03-21 09:33:22,200,347180.0,600519.0,837441.0,607625.0,363990.0,6.0,B,1165584.0,20230321093321.0,1735.9
2023-03-21 09:33:23,500,868000.0,600519.0,839557.0,643457.0,365222.0,6.0,B,1168838.0,20230321093321.0,1736.0
2023-03-21 09:33:24,300,520690.0,600519.0,841487.0,688056.0,366320.0,6.0,B,1171731.0,20230321093324.0,1735.6333333333334
2023-03-21 09:33:25,1000,1735485.0,600519.0,842832.0,842409.0,366995.0,6.0,B,1173678.0,20230321093324.0,1735.485
2023-03-21 09:33:26,500,867496.0,600519.0,816710.0,844565.0,367937.0,6.0,S,1176121.0,20230321093324.0,1734.992
2023-03-21 09:33:28,100,173498.0,600519.0,847569.0,844565.0,369696.0,6.0,B,1180536.0,20230321093327.0,1734.98
2023-03-21 09:33:29,200,347101.0,600519.0,849158.0,846538.0,370552.0,6.0,B,1182804.0,20230321093327.0,1735.505
2023-03-21 09:33:30,100,173500.0,600519.0,849548.0,852261.0,372466.0,6.0,S,1187592.0,20230321093330.0,1735.0
2023-03-21 09:33:32,300,520656.0,600519.0,853791.0,855394.0,374419.0,6.0,S,1192294.0,20230321093330.0,1735.52
2023-03-21 09:33:33,500,867555.0,600519.0,847610.0,858124.0,376089.0,6.0,S,1196344.0,20230321093330.0,1735.11
2023-03-21 09:33:35,700,1213893.0,600519.0,861362.0,861045.0,378179.0,6.0,B,1201410.0,20230321093333.0,1734.1328571428571
2023-03-21 09:33:36,400,693899.0,600519.0,862725.0,861072.0,379132.0,6.0,B,1203615.0,20230321093333.0,1734.7475
2023-03-21 09:33:37,100,173500.0,600519.0,864544.0,863839.0,380258.0,6.0,B,1206397.0,20230321093336.0,1735.0
2023-03-21 09:33:38,200,346868.0,600519.0,865432.0,866170.0,381326.0,6.0,S,1208922.0,20230321093336.0,1734.34
2023-03-21 09:33:39,100,173500.0,600519.0,867522.0,865350.0,382245.0,6.0,B,1211046.0,20230321093336.0,1735.0
2023-03-21 09:33:40,100,173500.0,600519.0,870522.0,867358.0,383935.0,6.0,B,1215483.0,20230321093339.0,1735.0
2023-03-21 09:33:41,100,173402.0,600519.0,868788.0,871508.0,384516.0,6.0,S,1216914.0,20230321093339.0,1734.02
2023-03-21 09:33:43,1100,1908710.0,600519.0,874807.0,876080.0,387412.0,6.0,S,1223919.0,20230321093342.0,1735.1909090909091
2023-03-21 09:33:45,1000,1735702.0,600519.0,874807.0,879263.0,389454.0,6.0,S,1228888.0,20230321093342.0,1735.702
2023-03-21 09:33:46,400,694280.0,600519.0,874807.0,881819.0,391046.0,6.0,S,1232659.0,20230321093345.0,1735.7
2023-03-21 09:33:47,100,173571.0,600519.0,881976.0,882939.0,391777.0,6.0,S,1234429.0,20230321093345.0,1735.71
2023-03-21 09:33:48,500,867852.0,600519.0,874807.0,885433.0,393308.0,6.0,S,1238303.0,20230321093348.0,1735.704
2023-03-21 09:33:49,700,1214990.0,600519.0,880506.0,887027.0,394336.0,6.0,S,1240753.0,20230321093348.0,1735.7
2023-03-21 09:33:51,400,694067.0,600519.0,888104.0,890759.0,396396.0,6.0,S,1246175.0,20230321093351.0,1735.1675
2023-03-21 09:33:53,400,693994.0,600519.0,890337.0,894150.0,398247.0,6.0,S,1251003.0,20230321093351.0,1734.985
2023-03-21 09:33:54,100,173500.0,600519.0,895539.0,894451.0,399041.0,6.0,B,1253016.0,20230321093351.0,1735.0
2023-03-21 09:33:55,1000,1734410.0,600519.0,897581.0,897263.0,400136.0,6.0,B,1255989.0,20230321093354.0,1734.41
2023-03-21 09:33:56,400,693994.0,600519.0,898458.0,899338.0,401272.0,6.0,S,1258701.0,20230321093354.0,1734.985
2023-03-21 09:33:57,100,173452.0,600519.0,898201.0,900893.0,402158.0,6.0,S,1261019.0,20230321093354.0,1734.52
2023-03-21 09:33:58,100,173452.0,600519.0,898201.0,901459.0,402398.0,6.0,S,1261810.0,20230321093357.0,1734.52
2023-03-21 09:33:59,100,173415.0,600519.0,898117.0,903359.0,403542.0,6.0,S,1264855.0,20230321093357.0,1734.15
2023-03-21 09:34:00,400,693736.0,600519.0,906157.0,906257.0,405186.0,6.0,S,1269266.0,20230321093400.0,1734.34
2023-03-21 09:34:01,100,173452.0,600519.0,906501.0,906531.0,405324.0,6.0,S,1269648.0,20230321093400.0,1734.52
2023-03-21 09:34:02,100,173416.0,600519.0,903406.0,909046.0,406802.0,6.0,S,1273483.0,20230321093400.0,1734.16
2023-03-21 09:34:03,200,346866.0,600519.0,911079.0,906614.0,408086.0,6.0,B,1276574.0,20230321093400.0,1734.33
2023-03-21 09:34:04,100,173452.0,600519.0,912095.0,910301.0,408650.0,6.0,B,1278078.0,20230321093403.0,1734.52
2023-03-21 09:34:06,700,1213802.0,600519.0,865636.0,917700.0,412418.0,6.0,S,1287077.0,20230321093406.0,1734.0028571428572
2023-03-21 09:34:07,200,346816.0,600519.0,865636.0,919138.0,413406.0,6.0,S,1289451.0,20230321093406.0,1734.08
2023-03-21 09:34:08,200,346832.0,600519.0,919953.0,914850.0,414009.0,6.0,B,1290773.0,20230321093406.0,1734.16
2023-03-21 09:34:09,100,173416.0,600519.0,922824.0,914850.0,415593.0,6.0,B,1295044.0,20230321093406.0,1734.16
2023-03-21 09:34:10,200,346800.0,600519.0,897106.0,925183.0,417073.0,6.0,S,1298775.0,20230321093409.0,1734.0
2023-03-21 09:34:11,300,520248.0,600519.0,925928.0,925712.0,417491.0,6.0,B,1299948.0,20230321093409.0,1734.16
2023-03-21 09:34:12,300,520221.0,600519.0,920672.0,928736.0,419207.0,6.0,S,1304250.0,20230321093412.0,1734.07
2023-03-21 09:34:13,100,173401.0,600519.0,928930.0,930468.0,420167.0,6.0,S,1306876.0,20230321093412.0,1734.01
2023-03-21 09:34:15,400,693580.0,600519.0,933198.0,932758.0,421788.0,6.0,B,1311042.0,20230321093412.0,1733.95
2023-03-21 09:34:16,100,173380.0,600519.0,935105.0,933451.0,422945.0,6.0,B,1313872.0,20230321093415.0,1733.8
2023-03-21 09:34:17,100,173373.0,600519.0,922846.0,936029.0,423364.0,6.0,S,1315177.0,20230321093415.0,1733.73
2023-03-21 09:34:18,200,346760.0,600519.0,937657.0,933451.0,424396.0,6.0,B,1317748.0,20230321093415.0,1733.8
2023-03-21 09:34:19,200,346747.0,600519.0,922846.0,940441.0,426220.0,6.0,S,1322076.0,20230321093418.0,1733.735
2023-03-21 09:34:20,400,693520.0,600519.0,941814.0,937765.0,426967.0,6.0,B,1324042.0,20230321093418.0,1733.8
2023-03-21 09:34:21,100,173380.0,600519.0,943411.0,937765.0,427932.0,6.0,B,1326413.0,20230321093418.0,1733.8
2023-03-21 09:34:22,400,693520.0,600519.0,946680.0,945806.0,429777.0,6.0,B,1331151.0,20230321093421.0,1733.8
2023-03-21 09:34:23,100,173373.0,600519.0,934800.0,946989.0,429996.0,6.0,S,1331637.0,20230321093421.0,1733.73
2023-03-21 09:34:24,200,346790.0,600519.0,950057.0,940541.0,431573.0,6.0,B,1336212.0,20230321093424.0,1733.95
2023-03-21 09:34:25,500,866863.0,600519.0,951091.0,950849.0,432252.0,6.0,B,1337774.0,20230321093424.0,1733.726
2023-03-21 09:34:28,200,346770.0,600519.0,951450.0,956206.0,434808.0,6.0,S,1345160.0,20230321093427.0,1733.85
2023-03-21 09:34:30,400,693508.0,600519.0,952160.0,959085.0,436501.0,6.0,S,1349564.0,20230321093427.0,1733.77
2023-03-21 09:34:31,400,693481.0,600519.0,959730.0,961240.0,437832.0,6.0,S,1352752.0,20230321093430.0,1733.7025
2023-03-21 09:34:34,100,173304.0,600519.0,959730.0,965043.0,440252.0,6.0,S,1358661.0,20230321093433.0,1733.04
2023-03-21 09:34:35,400,693302.0,600519.0,966219.0,967413.0,441580.0,6.0,S,1362162.0,20230321093433.0,1733.255
2023-03-21 09:34:36,100,173304.0,600519.0,966219.0,969875.0,443186.0,6.0,S,1365886.0,20230321093436.0,1733.04
2023-03-21 09:34:37,200,346824.0,600519.0,971480.0,937548.0,444226.0,6.0,B,1368390.0,20230321093436.0,1734.12
2023-03-21 09:34:38,300,520065.0,600519.0,972035.0,971569.0,444598.0,6.0,B,1369267.0,20230321093436.0,1733.55
2023-03-21 09:34:43,200,346608.0,600519.0,968608.0,980827.0,449933.0,6.0,S,1382877.0,20230321093442.0,1733.04
2023-03-21 09:34:45,300,519912.0,600519.0,977882.0,983532.0,451587.0,6.0,S,1386934.0,20230321093442.0,1733.04
2023-03-21 09:34:47,200,346601.0,600519.0,781282.0,986596.0,453066.0,6.0,S,1391347.0,20230321093445.0,1733.005
2023-03-21 09:34:48,300,519900.0,600519.0,988322.0,988893.0,454518.0,6.0,S,1394882.0,20230321093448.0,1733.0
2023-03-21 09:34:51,100,173300.0,600519.0,992186.0,988894.0,456244.0,6.0,B,1399621.0,20230321093448.0,1733.0
2023-03-21 09:34:53,800,1386161.0,600519.0,744865.0,995949.0,458428.0,6.0,S,1405112.0,20230321093451.0,1732.70125
2023-03-21 09:34:55,100,173250.0,600519.0,999830.0,999324.0,460691.0,6.0,B,1410906.0,20230321093454.0,1732.5
2023-03-21 09:34:57,300,519759.0,600519.0,1000196.0,1003184.0,462495.0,6.0,S,1415780.0,20230321093457.0,1732.53
2023-03-21 09:34:58,300,519667.0,600519.0,737263.0,1004699.0,463389.0,6.0,S,1418071.0,20230321093457.0,1732.2233333333334
2023-03-21 09:35:00,200,346460.0,600519.0,1008508.0,1008281.0,465745.0,6.0,B,1423896.0,20230321093500.0,1732.3
2023-03-21 09:35:01,100,173299.0,600519.0,1009508.0,1001592.0,466349.0,6.0,B,1425338.0,20230321093500.0,1732.99
2023-03-21 09:35:02,300,519630.0,600519.0,745262.0,1012175.0,468039.0,6.0,S,1429378.0,20230321093500.0,1732.1
2023-03-21 09:35:04,100,173200.0,600519.0,746311.0,1015854.0,470235.0,6.0,S,1434942.0,20230321093503.0,1732.0
2023-03-21 09:35:05,400,692702.0,600519.0,1017467.0,1017325.0,471284.0,6.0,B,1437452.0,20230321093503.0,1731.755
2023-03-21 09:35:07,1000,1732300.0,600519.0,1021160.0,1021019.0,473619.0,6.0,B,1443322.0,20230321093506.0,1732.3
2023-03-21 09:35:08,500,866503.0,600519.0,1022538.0,1023982.0,475483.0,6.0,S,1447708.0,20230321093506.0,1733.006
2023-03-21 09:35:09,200,346700.0,600519.0,1025946.0,1009565.0,476672.0,6.0,B,1450696.0,20230321093509.0,1733.5
2023-03-21 09:35:10,200,346460.0,600519.0,1021407.0,1027384.0,477727.0,6.0,S,1452986.0,20230321093509.0,1732.3
2023-03-21 09:35:11,100,173380.0,600519.0,1029675.0,1029763.0,479223.0,6.0,S,1456697.0,20230321093509.0,1733.8
2023-03-21 09:35:13,200,346610.0,600519.0,1021461.0,1032874.0,481150.0,6.0,S,1461477.0,20230321093512.0,1733.05
2023-03-21 09:35:15,200,346460.0,600519.0,1023199.0,1035338.0,482814.0,6.0,S,1465310.0,20230321093512.0,1732.3
2023-03-21 09:35:16,400,692920.0,600519.0,1037445.0,1036195.0,484311.0,6.0,B,1468849.0,20230321093515.0,1732.3
2023-03-21 09:35:17,100,173230.0,600519.0,1039785.0,1038793.0,485681.0,6.0,B,1472443.0,20230321093515.0,1732.3
2023-03-21 09:35:20,200,346631.0,600519.0,1045153.0,1041197.0,488783.0,6.0,B,1480634.0,20230321093518.0,1733.155
2023-03-21 09:35:21,300,519690.0,600519.0,1047147.0,1047211.0,490424.0,6.0,S,1484105.0,20230321093521.0,1732.3
2023-03-21 09:35:25,800,1386400.0,600519.0,1049516.0,1054842.0,494721.0,6.0,S,1495295.0,20230321093524.0,1733.0
2023-03-21 09:35:26,100,173203.0,600519.0,1055111.0,1054842.0,494875.0,6.0,B,1495723.0,20230321093524.0,1732.03
2023-03-21 09:35:27,400,693592.0,600519.0,1057803.0,1058326.0,496693.0,6.0,S,1500535.0,20230321093524.0,1733.98
2023-03-21 09:35:29,400,693187.0,600519.0,1062048.0,1017870.0,498943.0,6.0,B,1506177.0,20230321093527.0,1732.9675
2023-03-21 09:35:35,400,693164.0,600519.0,1067438.0,1071810.0,504895.0,6.0,S,1521107.0,20230321093533.0,1732.91
2023-03-21 09:35:38,200,346773.0,600519.0,1073095.0,1076775.0,507744.0,6.0,S,1528449.0,20230321093536.0,1733.865
2023-03-21 09:35:39,200,346972.0,600519.0,1079407.0,1069173.0,509330.0,6.0,B,1532475.0,20230321093539.0,1734.86
2023-03-21 09:35:41,100,173486.0,600519.0,1081080.0,1080394.0,510345.0,6.0,B,1535168.0,20230321093539.0,1734.86
2023-03-21 09:35:45,300,520458.0,600519.0,1081080.0,1088514.0,514569.0,6.0,S,1546504.0,20230321093542.0,1734.86
2023-03-21 09:35:46,400,693946.0,600519.0,1089159.0,1089428.0,515104.0,6.0,S,1547921.0,20230321093545.0,1734.865
2023-03-21 09:35:48,400,693944.0,600519.0,1087191.0,1093165.0,517105.0,6.0,S,1553491.0,20230321093548.0,1734.86
2023-03-21 09:35:49,200,346786.0,600519.0,1084387.0,1094171.0,517688.0,6.0,S,1554942.0,20230321093548.0,1733.93
2023-03-21 09:35:53,100,173319.0,600519.0,1097828.0,1099669.0,520574.0,6.0,S,1563046.0,20230321093551.0,1733.19
2023-03-21 09:35:54,100,173300.0,600519.0,1084803.0,1102278.0,522123.0,6.0,S,1566999.0,20230321093554.0,1733.0
2023-03-21 09:35:55,400,693151.0,600519.0,1094188.0,1103691.0,523032.0,6.0,S,1569112.0,20230321093554.0,1732.8775
2023-03-21 09:35:56,1800,3119154.0,600519.0,1067438.0,1105717.0,524369.0,6.0,S,1572246.0,20230321093554.0,1732.8633333333332
2023-03-21 09:35:57,500,866331.0,600519.0,1072946.0,1107212.0,525268.0,6.0,S,1574586.0,20230321093557.0,1732.662
2023-03-21 09:35:59,200,346477.0,600519.0,1110098.0,1107215.0,527164.0,6.0,B,1579277.0,20230321093557.0,1732.385
2023-03-21 09:36:00,400,692924.0,600519.0,1025284.0,1111849.0,527992.0,6.0,S,1581798.0,20230321093557.0,1732.31
2023-03-21 09:36:03,200,346400.0,600519.0,1059728.0,1116447.0,530774.0,6.0,S,1588919.0,20230321093600.0,1732.0
2023-03-21 09:36:04,300,519693.0,600519.0,1118058.0,1112460.0,532055.0,6.0,B,1591702.0,20230321093603.0,1732.31
2023-03-21 09:36:05,400,692218.0,600519.0,890452.0,1120627.0,533666.0,6.0,S,1595780.0,20230321093603.0,1730.545
2023-03-21 09:36:06,100,173100.0,600519.0,1122273.0,1121070.0,534794.0,6.0,B,1598623.0,20230321093603.0,1731.0
2023-03-21 09:36:07,1700,2944680.0,600519.0,1124040.0,1102480.0,535907.0,6.0,B,1601486.0,20230321093606.0,1732.164705882353
2023-03-21 09:36:09,700,1211604.0,600519.0,1129368.0,1129954.0,539642.0,6.0,S,1610950.0,20230321093609.0,1730.8628571428571
2023-03-21 09:36:10,500,865221.0,600519.0,1130812.0,1131276.0,540506.0,6.0,S,1613104.0,20230321093609.0,1730.442
2023-03-21 09:36:11,200,346200.0,600519.0,1131748.0,1133433.0,541690.0,6.0,S,1616309.0,20230321093609.0,1731.0
2023-03-21 09:36:13,1100,1906000.0,600519.0,1136980.0,1137226.0,544169.0,6.0,S,1622195.0,20230321093612.0,1732.7272727272727
2023-03-21 09:36:14,200,346200.0,600519.0,1131748.0,1139529.0,545445.0,6.0,S,1625664.0,20230321093612.0,1731.0
2023-03-21 09:36:15,900,1557364.0,600519.0,1130812.0,1141135.0,546462.0,6.0,S,1628110.0,20230321093612.0,1730.4044444444444
2023-03-21 09:36:16,200,346400.0,600519.0,1143216.0,1143263.0,547678.0,6.0,S,1631228.0,20230321093615.0,1732.0
2023-03-21 09:36:17,200,346400.0,600519.0,1144117.0,1144637.0,548827.0,6.0,S,1633552.0,20230321093615.0,1732.0
2023-03-21 09:36:19,100,173026.0,600519.0,1147901.0,1148315.0,550998.0,6.0,S,1639224.0,20230321093618.0,1730.26
2023-03-21 09:36:20,500,866500.0,600519.0,1148907.0,1149881.0,551980.0,6.0,S,1641662.0,20230321093618.0,1733.0
2023-03-21 09:36:21,700,1213278.0,600519.0,1148907.0,1152104.0,553178.0,6.0,S,1645058.0,20230321093621.0,1733.2542857142857
2023-03-21 09:36:22,100,173297.0,600519.0,1152343.0,1152117.0,553308.0,6.0,B,1645409.0,20230321093621.0,1732.97
2023-03-21 09:36:23,200,346201.0,600519.0,1150362.0,1154005.0,554324.0,6.0,S,1647906.0,20230321093621.0,1731.005
2023-03-21 09:36:25,500,865508.0,600519.0,1158677.0,1159017.0,557599.0,6.0,S,1655750.0,20230321093624.0,1731.016
2023-03-21 09:36:26,100,173100.0,600519.0,1159245.0,1159017.0,557748.0,6.0,B,1656105.0,20230321093624.0,1731.0
2023-03-21 09:36:29,100,173102.0,600519.0,1165007.0,1165246.0,561247.0,6.0,S,1665182.0,20230321093627.0,1731.02
2023-03-21 09:36:30,100,173101.0,600519.0,1163036.0,1166782.0,562290.0,6.0,S,1667751.0,20230321093627.0,1731.01
2023-03-21 09:36:34,400,692400.0,600519.0,1169598.0,1173933.0,566413.0,6.0,S,1678691.0,20230321093633.0,1731.0
2023-03-21 09:36:35,400,692347.0,600519.0,1162115.0,1175899.0,567559.0,6.0,S,1681604.0,20230321093633.0,1730.8675
2023-03-21 09:36:36,300,519300.0,600519.0,1176707.0,1177250.0,568256.0,6.0,S,1683708.0,20230321093633.0,1731.0
2023-03-21 09:36:37,400,692507.0,600519.0,1178819.0,1178545.0,569192.0,6.0,B,1686066.0,20230321093636.0,1731.2675
2023-03-21 09:36:38,100,173100.0,600519.0,1178842.0,1180996.0,570432.0,6.0,S,1689221.0,20230321093636.0,1731.0
2023-03-21 09:36:39,100,173055.0,600519.0,1163905.0,1182230.0,571173.0,6.0,S,1691137.0,20230321093636.0,1730.55
2023-03-21 09:36:43,300,519300.0,600519.0,1188718.0,1185464.0,575595.0,6.0,B,1701601.0,20230321093642.0,1731.0
2023-03-21 09:36:44,200,346200.0,600519.0,1190235.0,1185464.0,576496.0,6.0,B,1703888.0,20230321093642.0,1731.0
2023-03-21 09:36:45,400,692315.0,600519.0,1163905.0,1191930.0,577458.0,6.0,S,1706569.0,20230321093642.0,1730.7875
2023-03-21 09:36:46,400,692227.0,600519.0,1163905.0,1193697.0,578543.0,6.0,S,1709330.0,20230321093645.0,1730.5675
2023-03-21 09:36:48,100,173055.0,600519.0,1163905.0,1197005.0,580399.0,6.0,S,1714338.0,20230321093648.0,1730.55
2023-03-21 09:36:53,200,346110.0,600519.0,1200155.0,1203832.0,584707.0,6.0,S,1724533.0,20230321093651.0,1730.55
2023-03-21 09:36:54,1100,1903907.0,600519.0,1205423.0,1199627.0,585642.0,6.0,B,1726921.0,20230321093651.0,1730.8245454545454
2023-03-21 09:36:55,400,692230.0,600519.0,1207493.0,1206475.0,586862.0,6.0,B,1730133.0,20230321093654.0,1730.575
2023-03-21 09:36:56,200,346076.0,600519.0,1208804.0,1207883.0,587603.0,6.0,B,1732080.0,20230321093654.0,1730.38
2023-03-21 09:36:57,100,173029.0,600519.0,1171513.0,1211308.0,589115.0,6.0,S,1735947.0,20230321093657.0,1730.29
2023-03-21 09:36:59,100,173039.0,600519.0,1213841.0,1207883.0,590692.0,6.0,B,1739820.0,20230321093657.0,1730.39
2023-03-21 09:37:03,500,865195.0,600519.0,1221143.0,1220392.0,595208.0,6.0,B,1751358.0,20230321093703.0,1730.39
2023-03-21 09:37:04,200,346110.0,600519.0,1222361.0,1211621.0,595983.0,6.0,B,1753357.0,20230321093703.0,1730.55
2023-03-21 09:37:05,400,692086.0,600519.0,1224619.0,1224525.0,597371.0,6.0,B,1756929.0,20230321093703.0,1730.215
2023-03-21 09:37:08,100,173054.0,600519.0,1230055.0,1227349.0,600876.0,6.0,B,1765696.0,20230321093706.0,1730.54
2023-03-21 09:37:09,100,173055.0,600519.0,1233275.0,1225670.0,602875.0,6.0,B,1770745.0,20230321093706.0,1730.55
2023-03-21 09:37:11,1400,2422540.0,600519.0,1238645.0,1238407.0,606128.0,6.0,B,1778794.0,20230321093709.0,1730.3857142857144
2023-03-21 09:37:12,300,519045.0,600519.0,1239902.0,1239562.0,606901.0,6.0,B,1780787.0,20230321093709.0,1730.15
2023-03-21 09:37:15,300,519010.0,600519.0,1126221.0,1245677.0,610841.0,6.0,S,1790091.0,20230321093712.0,1730.0333333333333
2023-03-21 09:37:16,100,173003.0,600519.0,1246400.0,1245809.0,611233.0,6.0,B,1791183.0,20230321093715.0,1730.03
2023-03-21 09:37:19,100,173001.0,600519.0,629410.0,1251398.0,614415.0,6.0,S,1799014.0,20230321093718.0,1730.01
2023-03-21 09:37:23,200,346002.0,600519.0,1186321.0,1259563.0,619669.0,6.0,S,1811925.0,20230321093721.0,1730.01
2023-03-21 09:37:24,100,173000.0,600519.0,740975.0,1261119.0,620569.0,6.0,S,1814208.0,20230321093724.0,1730.0
2023-03-21 09:37:25,1000,1730000.0,600519.0,1246351.0,1262463.0,621366.0,6.0,S,1816256.0,20230321093724.0,1730.0
2023-03-21 09:37:26,100,173000.0,600519.0,1254097.0,1263190.0,621754.0,6.0,S,1817319.0,20230321093724.0,1730.0
2023-03-21 09:37:27,1800,3113694.0,600519.0,1165017.0,1265615.0,623033.0,6.0,S,1820825.0,20230321093727.0,1729.83
2023-03-21 09:37:28,200,345966.0,600519.0,1266966.0,1265616.0,623841.0,6.0,B,1822852.0,20230321093727.0,1729.83
2023-03-21 09:37:29,200,345810.0,600519.0,1146493.0,1267281.0,624011.0,6.0,S,1823353.0,20230321093727.0,1729.05
2023-03-21 09:37:32,300,518706.0,600519.0,633527.0,1273837.0,627459.0,6.0,S,1833158.0,20230321093730.0,1729.02
2023-03-21 09:37:35,1000,1729008.0,600519.0,1097903.0,1277956.0,629876.0,6.0,S,1839641.0,20230321093733.0,1729.008
2023-03-21 09:37:37,100,172902.0,600519.0,1281145.0,1276237.0,631819.0,6.0,B,1844485.0,20230321093736.0,1729.02
2023-03-21 09:37:38,100,172902.0,600519.0,1281851.0,1277468.0,632148.0,6.0,B,1845537.0,20230321093736.0,1729.02
2023-03-21 09:37:39,200,345804.0,600519.0,1283823.0,1282549.0,633244.0,6.0,B,1848635.0,20230321093736.0,1729.02
2023-03-21 09:37:40,200,345800.0,600519.0,1259148.0,1284971.0,633867.0,6.0,S,1850356.0,20230321093739.0,1729.0
2023-03-21 09:37:44,500,864505.0,600519.0,1290798.0,1289031.0,636938.0,6.0,B,1858837.0,20230321093742.0,1729.01
2023-03-21 09:37:45,100,172900.0,600519.0,1269785.0,1291984.0,637738.0,6.0,S,1860780.0,20230321093742.0,1729.0
2023-03-21 09:37:46,200,345800.0,600519.0,1293303.0,1293624.0,638590.0,6.0,S,1863190.0,20230321093745.0,1729.0
2023-03-21 09:37:47,100,172900.0,600519.0,1294423.0,1293875.0,638977.0,6.0,B,1864297.0,20230321093745.0,1729.0
2023-03-21 09:37:50,100,172909.0,600519.0,1297240.0,1299348.0,641870.0,6.0,S,1871910.0,20230321093748.0,1729.09
2023-03-21 09:37:53,100,172900.0,600519.0,1296375.0,1304181.0,644607.0,6.0,S,1878988.0,20230321093751.0,1729.0
2023-03-21 09:37:54,100,172982.0,600519.0,1305645.0,1271109.0,645563.0,6.0,B,1881287.0,20230321093751.0,1729.82
2023-03-21 09:37:55,1500,2594242.0,600519.0,1305317.0,1307005.0,646383.0,6.0,S,1883291.0,20230321093754.0,1729.4946666666667
2023-03-21 09:37:58,1000,1729824.0,600519.0,1310377.0,1265643.0,648416.0,6.0,B,1888332.0,20230321093757.0,1729.824
2023-03-21 09:37:59,900,1556914.0,600519.0,1312680.0,1312863.0,649791.0,6.0,S,1892038.0,20230321093757.0,1729.9044444444444
2023-03-21 09:38:00,100,172983.0,600519.0,1312680.0,1313838.0,650330.0,6.0,S,1893556.0,20230321093757.0,1729.83
2023-03-21 09:38:01,100,173055.0,600519.0,1314837.0,1230391.0,650841.0,6.0,B,1895014.0,20230321093800.0,1730.55
2023-03-21 09:38:04,500,865971.0,600519.0,1319941.0,1321323.0,654503.0,6.0,S,1905134.0,20230321093803.0,1731.942
2023-03-21 09:38:07,100,172985.0,600519.0,1323417.0,1325399.0,656960.0,6.0,S,1911678.0,20230321093806.0,1729.85
2023-03-21 09:38:08,100,173300.0,600519.0,1326864.0,1329163.0,659389.0,6.0,S,1917626.0,20230321093806.0,1733.0
2023-03-21 09:38:13,100,173299.0,600519.0,1340046.0,1337649.0,665692.0,6.0,B,1934573.0,20230321093812.0,1732.99
2023-03-21 09:38:14,1600,2768827.0,600519.0,1342172.0,1342078.0,666832.0,6.0,B,1937764.0,20230321093812.0,1730.516875
2023-03-21 09:38:15,600,1037880.0,600519.0,1342384.0,1342089.0,666916.0,6.0,B,1938055.0,20230321093812.0,1729.8
2023-03-21 09:38:17,100,172989.0,600519.0,1345580.0,1346743.0,669430.0,6.0,S,1944882.0,20230321093815.0,1729.89
2023-03-21 09:38:20,100,173292.0,600519.0,1351714.0,1351475.0,672271.0,6.0,B,1952743.0,20230321093818.0,1732.92
2023-03-21 09:38:21,300,519166.0,600519.0,1352547.0,1352680.0,672828.0,6.0,S,1954219.0,20230321093818.0,1730.5533333333333
2023-03-21 09:38:22,200,346208.0,600519.0,1354999.0,1352870.0,673935.0,6.0,B,1957673.0,20230321093821.0,1731.04
2023-03-21 09:38:23,400,692756.0,600519.0,1356267.0,1354219.0,674521.0,6.0,B,1959566.0,20230321093821.0,1731.89
2023-03-21 09:38:25,200,345982.0,600519.0,1358969.0,1358757.0,676070.0,6.0,B,1963621.0,20230321093824.0,1729.91
2023-03-21 09:38:28,100,172980.0,600519.0,1352510.0,1363039.0,678442.0,6.0,S,1969972.0,20230321093827.0,1729.8
2023-03-21 09:38:29,300,518946.0,600519.0,1365103.0,1358975.0,679544.0,6.0,B,1973077.0,20230321093827.0,1729.82
2023-03-21 09:38:31,1600,2767712.0,600519.0,1367906.0,1368100.0,681029.0,6.0,S,1977574.0,20230321093830.0,1729.82
2023-03-21 09:38:32,100,172982.0,600519.0,1369564.0,1368100.0,681953.0,6.0,B,1979797.0,20230321093830.0,1729.82
2023-03-21 09:38:33,200,345964.0,600519.0,1371005.0,1368100.0,682618.0,6.0,B,1981849.0,20230321093833.0,1729.82
2023-03-21 09:38:34,100,172982.0,600519.0,1371030.0,1371207.0,682696.0,6.0,S,1982120.0,20230321093833.0,1729.82
2023-03-21 09:38:35,800,1383587.0,600519.0,1363383.0,1373673.0,684092.0,6.0,S,1985903.0,20230321093833.0,1729.48375
2023-03-21 09:38:36,200,346182.0,600519.0,1374687.0,1367091.0,684742.0,6.0,B,1987534.0,20230321093833.0,1730.91
2023-03-21 09:38:45,100,173005.0,600519.0,1378809.0,1386532.0,691090.0,6.0,S,2005517.0,20230321093842.0,1730.05
2023-03-21 09:38:46,100,173000.0,600519.0,1378568.0,1386822.0,691285.0,6.0,S,2005976.0,20230321093845.0,1730.0
2023-03-21 09:38:48,200,346002.0,600519.0,1387084.0,1389674.0,692825.0,6.0,S,2010382.0,20230321093845.0,1730.01
2023-03-21 09:38:49,100,173007.0,600519.0,1390232.0,1391693.0,693936.0,6.0,S,2013310.0,20230321093848.0,1730.07
2023-03-21 09:38:51,400,691950.0,600519.0,1378426.0,1394179.0,695346.0,6.0,S,2017052.0,20230321093848.0,1729.875
2023-03-21 09:38:52,100,172983.0,600519.0,1382143.0,1395558.0,696234.0,6.0,S,2019208.0,20230321093851.0,1729.83
2023-03-21 09:38:54,100,173178.0,600519.0,1399623.0,1393032.0,698557.0,6.0,B,2025483.0,20230321093851.0,1731.78
2023-03-21 09:38:55,200,345996.0,600519.0,1399780.0,1401234.0,699303.0,6.0,S,2027856.0,20230321093854.0,1729.98
2023-03-21 09:38:57,100,173065.0,600519.0,1402681.0,1404328.0,701007.0,6.0,S,2032622.0,20230321093857.0,1730.65
2023-03-21 09:39:03,500,865035.0,600519.0,1413580.0,1413111.0,706140.0,6.0,B,2046708.0,20230321093903.0,1730.07
2023-03-21 09:39:06,100,173008.0,600519.0,1413770.0,1417602.0,709218.0,6.0,S,2053305.0,20230321093903.0,1730.08
2023-03-21 09:39:07,100,173007.0,600519.0,1413580.0,1419904.0,710329.0,6.0,S,2056880.0,20230321093906.0,1730.07
2023-03-21 09:39:15,400,692222.0,600519.0,1430508.0,1439843.0,723165.0,6.0,S,2088868.0,20230321093915.0,1730.555
2023-03-21 09:39:21,100,173008.0,600519.0,1444303.0,1449349.0,728375.0,6.0,S,2103595.0,20230321093918.0,1730.08
2023-03-21 09:39:24,100,173010.0,600519.0,1453816.0,1451283.0,730945.0,6.0,B,2110730.0,20230321093921.0,1730.1
2023-03-21 09:39:25,300,519024.0,600519.0,1452989.0,1454984.0,731562.0,6.0,S,2112578.0,20230321093924.0,1730.08
2023-03-21 09:39:32,100,173009.0,600519.0,1456118.0,1464313.0,736724.0,6.0,S,2127176.0,20230321093930.0,1730.09
2023-03-21 09:39:36,100,173019.0,600519.0,1467389.0,1470087.0,739905.0,6.0,S,2135924.0,20230321093933.0,1730.19
2023-03-21 09:39:42,100,173099.0,600519.0,1479876.0,1478643.0,745106.0,6.0,B,2150703.0,20230321093942.0,1730.99
2023-03-21 09:39:43,100,173009.0,600519.0,1456118.0,1480553.0,745548.0,6.0,S,2151814.0,20230321093942.0,1730.09
2023-03-21 09:39:45,100,173098.0,600519.0,1483378.0,1481846.0,747134.0,6.0,B,2155989.0,20230321093942.0,1730.98
2023-03-21 09:39:46,200,346114.0,600519.0,1485094.0,1485861.0,748556.0,6.0,S,2159745.0,20230321093945.0,1730.57
2023-03-21 09:39:47,300,519030.0,600519.0,1485105.0,1486544.0,748968.0,6.0,S,2160801.0,20230321093945.0,1730.1
2023-03-21 09:39:50,200,346020.0,600519.0,1491716.0,1488812.0,752004.0,6.0,B,2168644.0,20230321093948.0,1730.1
2023-03-21 09:39:51,300,519027.0,600519.0,1483763.0,1493172.0,752722.0,6.0,S,2170765.0,20230321093948.0,1730.09
2023-03-21 09:39:52,200,346020.0,600519.0,1494503.0,1489913.0,753418.0,6.0,B,2172685.0,20230321093951.0,1730.1
2023-03-21 09:39:55,100,173010.0,600519.0,1498343.0,1489913.0,755476.0,6.0,B,2178456.0,20230321093954.0,1730.1
2023-03-21 09:39:57,800,1384080.0,600519.0,1500272.0,1500473.0,756803.0,6.0,S,2181970.0,20230321093954.0,1730.1
2023-03-21 09:39:58,100,173010.0,600519.0,1501476.0,1500862.0,757352.0,6.0,B,2183480.0,20230321093957.0,1730.1
2023-03-21 09:39:59,100,173007.0,600519.0,1443837.0,1503244.0,758391.0,6.0,S,2186310.0,20230321093957.0,1730.07
2023-03-21 09:40:00,200,346017.0,600519.0,1505419.0,1501575.0,759705.0,6.0,B,2189560.0,20230321093957.0,1730.085
2023-03-21 09:40:02,100,173010.0,600519.0,1505614.0,1507853.0,761248.0,6.0,S,2193589.0,20230321094000.0,1730.1
2023-03-21 09:40:03,1400,2421961.0,600519.0,1381189.0,1509679.0,762214.0,6.0,S,2196414.0,20230321094000.0,1729.972142857143
2023-03-21 09:40:04,200,345958.0,600519.0,1511220.0,1510430.0,763048.0,6.0,B,2198768.0,20230321094003.0,1729.79
2023-03-21 09:40:05,300,518746.0,600519.0,1513691.0,1513636.0,764433.0,6.0,B,2202358.0,20230321094003.0,1729.1533333333334
2023-03-21 09:40:06,300,518736.0,600519.0,1389933.0,1515297.0,765339.0,6.0,S,2204768.0,20230321094006.0,1729.12
2023-03-21 09:40:07,400,691648.0,600519.0,1389933.0,1515332.0,765359.0,6.0,S,2204818.0,20230321094006.0,1729.12
2023-03-21 09:40:08,200,345885.0,600519.0,1389933.0,1518423.0,767429.0,6.0,S,2209790.0,20230321094006.0,1729.425
2023-03-21 09:40:09,500,864560.0,600519.0,1389933.0,1520296.0,768358.0,6.0,S,2212739.0,20230321094009.0,1729.12
2023-03-21 09:40:10,100,172911.0,600519.0,1382458.0,1522258.0,769366.0,6.0,S,2215748.0,20230321094009.0,1729.11
2023-03-21 09:40:12,200,345820.0,600519.0,1387384.0,1526067.0,771470.0,6.0,S,2221644.0,20230321094012.0,1729.1
2023-03-21 09:40:15,400,691624.0,600519.0,1314790.0,1531652.0,774573.0,6.0,S,2230264.0,20230321094015.0,1729.06
2023-03-21 09:40:17,200,345800.0,600519.0,1338545.0,1534749.0,776402.0,6.0,S,2235268.0,20230321094015.0,1729.0
2023-03-21 09:40:18,600,1037415.0,600519.0,1536135.0,1530975.0,777127.0,6.0,B,2237482.0,20230321094015.0,1729.025
2023-03-21 09:40:21,100,172979.0,600519.0,1541426.0,1515623.0,779998.0,6.0,B,2245713.0,20230321094018.0,1729.79
2023-03-21 09:40:23,100,172922.0,600519.0,1542588.0,1545072.0,781956.0,6.0,S,2251267.0,20230321094021.0,1729.22
2023-03-21 09:40:25,100,172915.0,600519.0,1537432.0,1548188.0,783593.0,6.0,S,2255977.0,20230321094024.0,1729.15
2023-03-21 09:40:26,100,172901.0,600519.0,1542340.0,1549385.0,784360.0,6.0,S,2257889.0,20230321094024.0,1729.01
2023-03-21 09:40:27,100,172901.0,600519.0,1542340.0,1552192.0,785858.0,6.0,S,2262326.0,20230321094027.0,1729.01
2023-03-21 09:40:29,100,172922.0,600519.0,1552935.0,1554793.0,787198.0,6.0,S,2266291.0,20230321094027.0,1729.22
2023-03-21 09:40:32,100,172901.0,600519.0,1542340.0,1558985.0,789310.0,6.0,S,2272788.0,20230321094030.0,1729.01
2023-03-21 09:40:35,200,345802.0,600519.0,1553501.0,1562847.0,791341.0,6.0,S,2278808.0,20230321094033.0,1729.01
2023-03-21 09:40:36,300,518937.0,600519.0,1564482.0,1548814.0,792243.0,6.0,B,2281405.0,20230321094033.0,1729.79
2023-03-21 09:40:38,100,172903.0,600519.0,1566279.0,1567152.0,793998.0,6.0,S,2285806.0,20230321094036.0,1729.03
2023-03-21 09:40:42,100,172979.0,600519.0,1572824.0,1555353.0,797042.0,6.0,B,2294630.0,20230321094039.0,1729.79
2023-03-21 09:40:44,100,172909.0,600519.0,1572531.0,1576055.0,798866.0,6.0,S,2299705.0,20230321094042.0,1729.09
2023-03-21 09:40:45,100,172902.0,600519.0,1573930.0,1577477.0,799546.0,6.0,S,2301835.0,20230321094042.0,1729.02
2023-03-21 09:40:49,100,172909.0,600519.0,1578301.0,1582065.0,802644.0,6.0,S,2309460.0,20230321094048.0,1729.09
2023-03-21 09:40:50,100,172903.0,600519.0,1578599.0,1583453.0,803436.0,6.0,S,2311729.0,20230321094048.0,1729.03
2023-03-21 09:40:53,100,172978.0,600519.0,1588296.0,1582998.0,806077.0,6.0,B,2319235.0,20230321094051.0,1729.78
2023-03-21 09:40:54,300,518935.0,600519.0,1589671.0,1589560.0,806849.0,6.0,B,2321402.0,20230321094051.0,1729.7833333333333
2023-03-21 09:40:56,200,345956.0,600519.0,1591562.0,1592112.0,808121.0,6.0,S,2325217.0,20230321094054.0,1729.78
2023-03-21 09:41:00,100,172914.0,600519.0,1594345.0,1597732.0,811120.0,6.0,S,2333659.0,20230321094057.0,1729.14
2023-03-21 09:41:01,100,172977.0,600519.0,1600276.0,1593813.0,812509.0,6.0,B,2337423.0,20230321094100.0,1729.77
2023-03-21 09:41:04,200,345954.0,600519.0,1604052.0,1603950.0,814427.0,6.0,B,2343061.0,20230321094103.0,1729.77
2023-03-21 09:41:08,100,172977.0,600519.0,1610222.0,1605823.0,818235.0,6.0,B,2352898.0,20230321094106.0,1729.77
2023-03-21 09:41:10,100,172925.0,600519.0,1609494.0,1615123.0,821204.0,6.0,S,2360642.0,20230321094109.0,1729.25
2023-03-21 09:41:15,100,172912.0,600519.0,1619191.0,1623128.0,825308.0,6.0,S,2373060.0,20230321094112.0,1729.12
2023-03-21 09:41:16,200,345820.0,600519.0,1623860.0,1623667.0,825697.0,6.0,B,2374220.0,20230321094115.0,1729.1
2023-03-21 09:41:17,200,345835.0,600519.0,1625420.0,1620567.0,826615.0,6.0,B,2376715.0,20230321094115.0,1729.175
2023-03-21 09:41:20,100,172908.0,600519.0,1605195.0,1629813.0,828996.0,6.0,S,2383289.0,20230321094118.0,1729.08
2023-03-21 09:41:21,1000,1729118.0,600519.0,1573930.0,1631373.0,829758.0,6.0,S,2385642.0,20230321094121.0,1729.118
2023-03-21 09:41:22,200,345803.0,600519.0,1561015.0,1631635.0,829886.0,6.0,S,2386044.0,20230321094121.0,1729.015
2023-03-21 09:41:25,300,518721.0,600519.0,1561015.0,1636217.0,832133.0,6.0,S,2392667.0,20230321094124.0,1729.07
2023-03-21 09:41:26,100,172901.0,600519.0,1566713.0,1637566.0,832845.0,6.0,S,2394755.0,20230321094124.0,1729.01
2023-03-21 09:41:28,200,345805.0,600519.0,1566713.0,1640343.0,834322.0,6.0,S,2399058.0,20230321094127.0,1729.025
2023-03-21 09:41:29,800,1383200.0,600519.0,1564626.0,1641609.0,835069.0,6.0,S,2401058.0,20230321094127.0,1729.0
2023-03-21 09:41:30,200,345771.0,600519.0,736527.0,1643068.0,835764.0,6.0,S,2403308.0,20230321094130.0,1728.855
2023-03-21 09:41:32,300,518541.0,600519.0,1294113.0,1644592.0,836629.0,6.0,S,2405714.0,20230321094130.0,1728.47
2023-03-21 09:41:33,100,172835.0,600519.0,1294113.0,1645704.0,837216.0,6.0,S,2407427.0,20230321094130.0,1728.35
2023-03-21 09:41:35,100,172871.0,600519.0,1647041.0,1648351.0,838502.0,6.0,S,2411478.0,20230321094133.0,1728.71
2023-03-21 09:41:37,100,172871.0,600519.0,1651024.0,1649977.0,839866.0,6.0,B,2415650.0,20230321094136.0,1728.71
2023-03-21 09:41:38,100,172835.0,600519.0,1294113.0,1652710.0,840713.0,6.0,S,2418238.0,20230321094136.0,1728.35
2023-03-21 09:41:39,100,172828.0,600519.0,1613894.0,1654735.0,841706.0,6.0,S,2421443.0,20230321094139.0,1728.28
2023-03-21 09:41:40,1300,2246653.0,600519.0,1655894.0,1653619.0,842382.0,6.0,B,2423249.0,20230321094139.0,1728.1946153846154
2023-03-21 09:41:41,481,831254.5800000001,600519.0,498136.0,1656990.0,842918.0,6.0,S,2424898.0,20230321094139.0,1728.18
2023-03-21 09:41:42,19,32835.42,600519.0,498136.0,1658418.0,843735.0,6.0,S,2427084.0,20230321094142.0,1728.1799999999998
2023-03-21 09:41:44,281,485595.9,600519.0,573242.0,1660267.0,844695.0,6.0,S,2429920.0,20230321094142.0,1728.0992882562277
2023-03-21 09:41:45,200,345624.0,600519.0,573242.0,1661927.0,845652.0,6.0,S,2432529.0,20230321094145.0,1728.12
2023-03-21 09:41:46,2000,3456025.0,600519.0,1612719.0,1662869.0,846176.0,6.0,S,2434068.0,20230321094145.0,1728.0125
2023-03-21 09:41:47,200,345611.0,600519.0,1612719.0,1663120.0,846328.0,6.0,S,2434456.0,20230321094145.0,1728.055
2023-03-21 09:41:49,619,1069643.0,600519.0,1631960.0,1666735.0,848332.0,6.0,S,2440077.0,20230321094148.0,1728.0177705977383
2023-03-21 09:41:50,1000,1727970.0,600519.0,1179098.0,1668610.0,849488.0,6.0,S,2443079.0,20230321094148.0,1727.97
2023-03-21 09:41:51,2700,4665499.0,600519.0,1669912.0,1669418.0,850295.0,6.0,B,2445277.0,20230321094151.0,1727.9625925925925
2023-03-21 09:41:53,500,863598.0,600519.0,999126.0,1671411.0,851194.0,6.0,S,2447642.0,20230321094151.0,1727.196
2023-03-21 09:41:54,200,345400.0,600519.0,1609401.0,1673849.0,852537.0,6.0,S,2451486.0,20230321094154.0,1727.0
2023-03-21 09:41:55,200,345398.0,600519.0,1674960.0,1674901.0,853185.0,6.0,B,2453254.0,20230321094154.0,1726.99
2023-03-21 09:41:56,200,345380.0,600519.0,1451665.0,1676120.0,853803.0,6.0,S,2455103.0,20230321094154.0,1726.9
2023-03-21 09:41:58,200,345460.0,600519.0,1677519.0,1677564.0,854589.0,6.0,S,2457282.0,20230321094157.0,1727.3
2023-03-21 09:41:59,200,345367.0,600519.0,1597080.0,1679173.0,855600.0,6.0,S,2459925.0,20230321094157.0,1726.835
2023-03-21 09:42:00,300,517998.0,600519.0,486708.0,1681546.0,856764.0,6.0,S,2463525.0,20230321094200.0,1726.66
2023-03-21 09:42:01,100,172666.0,600519.0,1355432.0,1681597.0,856793.0,6.0,S,2463608.0,20230321094200.0,1726.66
2023-03-21 09:42:02,200,345296.0,600519.0,683776.0,1684403.0,858241.0,6.0,S,2467858.0,20230321094200.0,1726.48
2023-03-21 09:42:03,100,172666.0,600519.0,1684695.0,1684568.0,858392.0,6.0,B,2468296.0,20230321094200.0,1726.66
2023-03-21 09:42:04,300,517938.0,600519.0,613581.0,1686685.0,859487.0,6.0,S,2471420.0,20230321094203.0,1726.46
2023-03-21 09:42:06,200,345244.0,600519.0,520632.0,1689408.0,861419.0,6.0,S,2475922.0,20230321094203.0,1726.22
2023-03-21 09:42:08,300,517866.0,600519.0,520632.0,1693843.0,864136.0,6.0,S,2482974.0,20230321094206.0,1726.22
2023-03-21 09:42:10,700,1208369.0,600519.0,67425.0,1696584.0,865690.0,6.0,S,2487351.0,20230321094209.0,1726.2414285714285
2023-03-21 09:42:11,100,172611.0,600519.0,1689633.0,1696964.0,865899.0,6.0,S,2487939.0,20230321094209.0,1726.11
2023-03-21 09:42:12,100,172620.0,600519.0,1699307.0,1699200.0,867062.0,6.0,B,2491537.0,20230321094212.0,1726.2
2023-03-21 09:42:14,700,1208512.0,600519.0,564026.0,1701586.0,868343.0,6.0,S,2495087.0,20230321094212.0,1726.4457142857143
2023-03-21 09:42:15,400,690442.0,600519.0,1400395.0,1702393.0,868800.0,6.0,S,2496375.0,20230321094212.0,1726.105
2023-03-21 09:42:16,100,172601.0,600519.0,1400395.0,1704182.0,869865.0,6.0,S,2499285.0,20230321094215.0,1726.01
2023-03-21 09:42:17,1500,2589007.0,600519.0,361376.0,1705223.0,870349.0,6.0,S,2500767.0,20230321094215.0,1726.0046666666667
2023-03-21 09:42:20,300,517801.0,600519.0,1709368.0,1707849.0,872649.0,6.0,B,2507330.0,20230321094218.0,1726.0033333333333
2023-03-21 09:42:21,700,1208200.0,600519.0,1710283.0,1710381.0,873153.0,6.0,S,2508879.0,20230321094218.0,1726.0
2023-03-21 09:42:22,600,1035550.0,600519.0,138709.0,1711756.0,873950.0,6.0,S,2511079.0,20230321094221.0,1725.9166666666667
2023-03-21 09:42:23,1900,3278993.0,600519.0,81111.0,1712894.0,874619.0,6.0,S,2512876.0,20230321094221.0,1725.7857894736842
2023-03-21 09:42:24,100,172503.0,600519.0,1713934.0,1713007.0,875103.0,6.0,B,2514440.0,20230321094221.0,1725.03
2023-03-21 09:42:25,200,345101.0,600519.0,1715502.0,1712110.0,876101.0,6.0,B,2516849.0,20230321094224.0,1725.505
2023-03-21 09:42:26,200,345003.0,600519.0,364645.0,1716139.0,876458.0,6.0,S,2517785.0,20230321094224.0,1725.015
2023-03-21 09:42:27,100,172550.0,600519.0,1718619.0,1716179.0,877747.0,6.0,B,2521496.0,20230321094227.0,1725.5
2023-03-21 09:42:29,400,690008.0,600519.0,1719345.0,1720151.0,878708.0,6.0,S,2523775.0,20230321094227.0,1725.02
2023-03-21 09:42:30,700,1207582.0,600519.0,1721783.0,1722007.0,879604.0,6.0,S,2526649.0,20230321094227.0,1725.1171428571429
2023-03-21 09:42:31,100,172580.0,600519.0,1722503.0,1712110.0,879846.0,6.0,B,2527402.0,20230321094230.0,1725.8
2023-03-21 09:42:32,300,517503.0,600519.0,1724331.0,1723769.0,880751.0,6.0,B,2530274.0,20230321094230.0,1725.01
2023-03-21 09:42:33,4981,8592225.0,600519.0,99026.0,1725332.0,881432.0,6.0,S,2531896.0,20230321094230.0,1725.0
2023-03-21 09:42:34,300,517660.0,600519.0,99026.0,1727003.0,882378.0,6.0,S,2534462.0,20230321094233.0,1725.5333333333333
2023-03-21 09:42:35,700,1207500.0,600519.0,99026.0,1727993.0,882908.0,6.0,S,2535924.0,20230321094233.0,1725.0
2023-03-21 09:42:36,2600,4485100.0,600519.0,99026.0,1729867.0,883886.0,6.0,S,2538807.0,20230321094233.0,1725.0384615384614
2023-03-21 09:42:37,1500,2587522.0,600519.0,113668.0,1731257.0,884773.0,6.0,S,2540861.0,20230321094236.0,1725.0146666666667
2023-03-21 09:42:38,2063,3558676.0,600519.0,1726363.0,1732976.0,885937.0,6.0,S,2543483.0,20230321094236.0,1725.0004847309742
2023-03-21 09:42:39,1300,2242500.0,600519.0,1730482.0,1733485.0,886204.0,6.0,S,2544301.0,20230321094236.0,1725.0
2023-03-21 09:42:40,100,172550.0,600519.0,1734506.0,1734825.0,886944.0,6.0,S,2546386.0,20230321094239.0,1725.5
2023-03-21 09:42:41,300,517600.0,600519.0,1730482.0,1736431.0,887861.0,6.0,S,2548851.0,20230321094239.0,1725.3333333333333
2023-03-21 09:42:43,200,345000.0,600519.0,1734482.0,1738767.0,889350.0,6.0,S,2552588.0,20230321094242.0,1725.0
2023-03-21 09:42:44,100,172503.0,600519.0,1740653.0,1736547.0,890728.0,6.0,B,2555751.0,20230321094242.0,1725.03
2023-03-21 09:42:45,100,172500.0,600519.0,1734482.0,1740849.0,890808.0,6.0,S,2556079.0,20230321094242.0,1725.0
2023-03-21 09:42:47,100,172501.0,600519.0,1741080.0,1743172.0,891978.0,6.0,S,2559681.0,20230321094245.0,1725.01
2023-03-21 09:42:48,100,172500.0,600519.0,1734482.0,1744337.0,892610.0,6.0,S,2561488.0,20230321094245.0,1725.0
2023-03-21 09:42:49,300,517504.0,600519.0,1734482.0,1745923.0,893620.0,6.0,S,2564086.0,20230321094248.0,1725.0133333333333
2023-03-21 09:42:53,1200,2070143.0,600519.0,1750418.0,1750718.0,896227.0,6.0,S,2571444.0,20230321094251.0,1725.1191666666666
2023-03-21 09:42:54,456,786600.0,600519.0,1749670.0,1751568.0,896639.0,6.0,S,2572783.0,20230321094251.0,1725.0
2023-03-21 09:42:55,700,1207503.0,600519.0,1752057.0,1752176.0,897111.0,6.0,S,2573908.0,20230321094254.0,1725.0042857142857
2023-03-21 09:42:56,100,172436.0,600519.0,253025.0,1753459.0,897843.0,6.0,S,2575871.0,20230321094254.0,1724.36
2023-03-21 09:42:58,100,172500.0,600519.0,1756225.0,1752176.0,899360.0,6.0,B,2580174.0,20230321094257.0,1725.0
2023-03-21 09:42:59,100,172500.0,600519.0,1756833.0,1752176.0,899634.0,6.0,B,2581101.0,20230321094257.0,1725.0
2023-03-21 09:43:00,200,345000.0,600519.0,1758698.0,1752176.0,900674.0,6.0,B,2584138.0,20230321094257.0,1725.0
2023-03-21 09:43:01,100,172500.0,600519.0,1759175.0,1752176.0,900922.0,6.0,B,2584860.0,20230321094300.0,1725.0
2023-03-21 09:43:02,300,517500.0,600519.0,1761214.0,1752176.0,902087.0,6.0,B,2588006.0,20230321094300.0,1725.0
2023-03-21 09:43:03,400,690000.0,600519.0,1761718.0,1757820.0,902368.0,6.0,B,2588769.0,20230321094300.0,1725.0
2023-03-21 09:43:04,200,345000.0,600519.0,1762962.0,1760848.0,903044.0,6.0,B,2590731.0,20230321094303.0,1725.0
2023-03-21 09:43:05,200,344907.0,600519.0,1755619.0,1765066.0,904202.0,6.0,S,2593942.0,20230321094303.0,1724.535
2023-03-21 09:43:06,200,344872.0,600519.0,1766473.0,1765066.0,905014.0,6.0,B,2596286.0,20230321094306.0,1724.36
2023-03-21 09:43:07,100,172436.0,600519.0,1766875.0,1765305.0,905285.0,6.0,B,2596956.0,20230321094306.0,1724.36
2023-03-21 09:43:08,100,172451.0,600519.0,1768647.0,1767420.0,906208.0,6.0,B,2599585.0,20230321094306.0,1724.51
2023-03-21 09:43:09,200,345000.0,600519.0,1770038.0,1769340.0,907038.0,6.0,B,2601862.0,20230321094306.0,1725.0
2023-03-21 09:43:10,194,334650.0,600519.0,1770454.0,1770713.0,907389.0,6.0,S,2602928.0,20230321094309.0,1725.0
2023-03-21 09:43:11,106,182850.0,600519.0,1770739.0,1772010.0,908122.0,6.0,S,2604917.0,20230321094309.0,1725.0
2023-03-21 09:43:12,100,172451.0,600519.0,1773408.0,1772010.0,908773.0,6.0,B,2607023.0,20230321094309.0,1724.51
2023-03-21 09:43:13,1500,2586343.94,600519.0,1773487.0,1774856.0,909739.0,6.0,S,2609462.0,20230321094312.0,1724.2292933333333
2023-03-21 09:43:14,300,517200.0,600519.0,1775920.0,1774856.0,910277.0,6.0,B,2611083.0,20230321094312.0,1724.0
2023-03-21 09:43:15,800,1379200.0,600519.0,1776946.0,1774856.0,910768.0,6.0,B,2612637.0,20230321094315.0,1724.0
2023-03-21 09:43:16,494,851656.0,600519.0,1777046.0,1774856.0,910804.0,6.0,B,2612799.0,20230321094315.0,1724.0
2023-03-21 09:43:20,100,172402.0,600519.0,1777046.0,1781385.0,913196.0,6.0,S,2619477.0,20230321094318.0,1724.02
2023-03-21 09:43:24,200,344811.06,600519.0,1779499.0,1786192.0,915962.0,6.0,S,2626984.0,20230321094321.0,1724.0553
2023-03-21 09:43:25,406,699946.06,600519.0,1787531.0,1787322.0,916669.0,6.0,B,2629050.0,20230321094324.0,1724.0050738916257
2023-03-21 09:43:27,194,334456.0,600519.0,1789709.0,1787460.0,917929.0,6.0,B,2632359.0,20230321094324.0,1724.0
2023-03-21 09:43:28,200,344803.0,600519.0,1790559.0,1789624.0,918388.0,6.0,B,2633625.0,20230321094327.0,1724.015
2023-03-21 09:43:29,400,689608.0,600519.0,1791638.0,1791730.0,919000.0,6.0,S,2635372.0,20230321094327.0,1724.02
2023-03-21 09:43:30,100,172436.0,600519.0,1792611.0,1786098.0,919389.0,6.0,B,2636678.0,20230321094327.0,1724.36
2023-03-21 09:43:31,300,517312.0,600519.0,1791377.0,1794110.0,920176.0,6.0,S,2638888.0,20230321094330.0,1724.3733333333332
2023-03-21 09:43:33,1400,2413586.0,600519.0,1796598.0,1795911.0,921605.0,6.0,B,2642828.0,20230321094333.0,1723.99
2023-03-21 09:43:34,100,172403.08000000002,600519.0,1796713.0,1797316.0,922059.0,6.0,S,2644037.0,20230321094333.0,1724.0308000000002
2023-03-21 09:43:35,100,172451.0,600519.0,1798257.0,1798393.0,922729.0,6.0,S,2645706.0,20230321094333.0,1724.51
2023-03-21 09:43:38,300,517210.0,600519.0,1796713.0,1801606.0,924701.0,6.0,S,2651116.0,20230321094336.0,1724.0333333333333
2023-03-21 09:43:40,200,344909.0,600519.0,1802574.0,1803198.0,925665.0,6.0,S,2653674.0,20230321094339.0,1724.545
2023-03-21 09:43:41,300,517201.0,600519.0,1798344.0,1804232.0,926249.0,6.0,S,2655239.0,20230321094339.0,1724.0033333333333
2023-03-21 09:43:42,100,172409.0,600519.0,1805807.0,1805349.0,927008.0,6.0,B,2657594.0,20230321094342.0,1724.09
2023-03-21 09:43:43,400,690060.0,600519.0,1806433.0,1752921.0,927638.0,6.0,B,2658854.0,20230321094342.0,1725.15
2023-03-21 09:43:45,200,344935.0,600519.0,1807693.0,1808378.0,928747.0,6.0,S,2661813.0,20230321094342.0,1724.675
2023-03-21 09:43:46,300,517643.0,600519.0,1809563.0,1711696.0,929497.0,6.0,B,2663687.0,20230321094345.0,1725.4766666666667
2023-03-21 09:43:51,100,172511.0,600519.0,1812112.0,1814246.0,932163.0,6.0,S,2670944.0,20230321094348.0,1725.11
2023-03-21 09:43:52,100,172598.0,600519.0,1815503.0,1711696.0,932790.0,6.0,B,2672899.0,20230321094351.0,1725.98
2023-03-21 09:43:53,200,345200.0,600519.0,1816100.0,1772539.0,933094.0,6.0,B,2673808.0,20230321094351.0,1726.0
2023-03-21 09:43:55,100,172600.0,600519.0,1818552.0,1810986.0,934408.0,6.0,B,2677665.0,20230321094354.0,1726.0
2023-03-21 09:43:56,100,172520.0,600519.0,1815348.0,1819382.0,934918.0,6.0,S,2678991.0,20230321094354.0,1725.2
2023-03-21 09:43:57,200,345110.0,600519.0,1820629.0,1819626.0,935619.0,6.0,B,2681022.0,20230321094354.0,1725.55
2023-03-21 09:43:58,1900,3279400.0,600519.0,1822540.0,1819626.0,936770.0,6.0,B,2683979.0,20230321094357.0,1726.0
2023-03-21 09:43:59,1800,3106801.0,600519.0,1823109.0,1710250.0,937068.0,6.0,B,2684789.0,20230321094357.0,1726.0005555555556
2023-03-21 09:44:09,100,172710.0,600519.0,1835181.0,1836524.0,944951.0,6.0,S,2705471.0,20230321094409.0,1727.1
2023-03-21 09:44:10,300,518399.0,600519.0,1837103.0,1681120.0,945266.0,6.0,B,2706364.0,20230321094409.0,1727.9966666666667
2023-03-21 09:44:13,200,345654.0,600519.0,1840795.0,1826652.0,947516.0,6.0,B,2712210.0,20230321094412.0,1728.27
2023-03-21 09:44:14,100,172850.0,600519.0,1841441.0,1826652.0,947929.0,6.0,B,2713234.0,20230321094412.0,1728.5
2023-03-21 09:44:16,400,691325.0,600519.0,1843923.0,1844868.0,949840.0,6.0,S,2718555.0,20230321094415.0,1728.3125
2023-03-21 09:44:18,100,172824.0,600519.0,1846308.0,1847096.0,951167.0,6.0,S,2722088.0,20230321094415.0,1728.24
2023-03-21 09:44:19,100,172850.0,600519.0,1848052.0,1826659.0,951721.0,6.0,B,2723575.0,20230321094418.0,1728.5
2023-03-21 09:44:21,800,1382566.0,600519.0,1850513.0,1826680.0,953099.0,6.0,B,2727660.0,20230321094418.0,1728.2075
2023-03-21 09:44:22,300,518545.0,600519.0,1852624.0,1826680.0,954284.0,6.0,B,2730950.0,20230321094421.0,1728.4833333333333
2023-03-21 09:44:24,100,172804.0,600519.0,1851656.0,1854562.0,955244.0,6.0,S,2733997.0,20230321094421.0,1728.04
2023-03-21 09:44:25,300,518398.0,600519.0,1856270.0,1855770.0,956151.0,6.0,B,2736704.0,20230321094424.0,1727.9933333333333
2023-03-21 09:44:26,100,172795.0,600519.0,1856835.0,1855770.0,956460.0,6.0,B,2737597.0,20230321094424.0,1727.95
2023-03-21 09:44:29,300,518385.0,600519.0,1861018.0,1855770.0,958782.0,6.0,B,2744095.0,20230321094427.0,1727.95
2023-03-21 09:44:30,100,172795.0,600519.0,1862018.0,1855770.0,959249.0,6.0,B,2745727.0,20230321094427.0,1727.95
2023-03-21 09:44:35,300,518199.0,600519.0,1868575.0,1855770.0,962938.0,6.0,B,2756090.0,20230321094433.0,1727.33
2023-03-21 09:44:36,100,172800.0,600519.0,1869512.0,1858211.0,963517.0,6.0,B,2757634.0,20230321094433.0,1728.0
2023-03-21 09:44:38,200,345220.0,600519.0,1869925.0,1871206.0,964480.0,6.0,S,2760277.0,20230321094436.0,1726.1
2023-03-21 09:44:40,100,172799.0,600519.0,1874109.0,1873222.0,966022.0,6.0,B,2764744.0,20230321094439.0,1727.99
2023-03-21 09:44:42,300,517844.0,600519.0,1867693.0,1876184.0,967107.0,6.0,S,2768095.0,20230321094439.0,1726.1466666666668
2023-03-21 09:44:43,200,345216.0,600519.0,1877219.0,1876184.0,967689.0,6.0,B,2769713.0,20230321094442.0,1726.08
2023-03-21 09:44:47,100,172610.0,600519.0,1877858.0,1881811.0,969854.0,6.0,S,2776623.0,20230321094445.0,1726.1
2023-03-21 09:44:52,319,550618.19,600519.0,1841093.0,1886806.0,972551.0,6.0,S,2784507.0,20230321094451.0,1726.075830721003
2023-03-21 09:44:56,100,172610.0,600519.0,1891588.0,1889758.0,975333.0,6.0,B,2791950.0,20230321094454.0,1726.1
2023-03-21 09:44:57,100,172608.0,600519.0,1890753.0,1891934.0,975645.0,6.0,S,2792600.0,20230321094454.0,1726.08
2023-03-21 09:44:58,200,345217.0,600519.0,1891164.0,1893395.0,976523.0,6.0,S,2794888.0,20230321094457.0,1726.085
2023-03-21 09:45:00,100,172609.0,600519.0,1897002.0,1892997.0,978718.0,6.0,B,2800460.0,20230321094500.0,1726.09
2023-03-21 09:45:06,200,345494.0,600519.0,1906423.0,1879393.0,984368.0,6.0,B,2815456.0,20230321094506.0,1727.47
2023-03-21 09:45:07,2800,4839193.0,600519.0,1907810.0,1826695.0,985204.0,6.0,B,2817627.0,20230321094506.0,1728.2832142857144
2023-03-21 09:45:08,200,345780.0,600519.0,1909256.0,1877406.0,985984.0,6.0,B,2819833.0,20230321094506.0,1728.9
2023-03-21 09:45:09,300,518710.0,600519.0,1910829.0,1652988.0,986918.0,6.0,B,2822490.0,20230321094509.0,1729.0333333333333
2023-03-21 09:45:10,900,1556519.0,600519.0,1911721.0,1792897.0,987399.0,6.0,B,2823857.0,20230321094509.0,1729.4655555555555
2023-03-21 09:45:12,100,172822.0,600519.0,1911611.0,1914580.0,989073.0,6.0,S,2828614.0,20230321094509.0,1728.22
2023-03-21 09:45:13,100,172950.0,600519.0,1915165.0,1914862.0,989360.0,6.0,B,2829572.0,20230321094512.0,1729.5
2023-03-21 09:45:16,100,172979.0,600519.0,1919463.0,1578923.0,991620.0,6.0,B,2836239.0,20230321094515.0,1729.79
2023-03-21 09:45:19,100,172900.0,600519.0,1922776.0,1921384.0,993486.0,6.0,B,2841495.0,20230321094518.0,1729.0
2023-03-21 09:45:28,100,172906.0,600519.0,1935767.0,1928456.0,1000669.0,6.0,B,2861784.0,20230321094527.0,1729.06
2023-03-21 09:45:31,100,172945.0,600519.0,1940573.0,1928927.0,1003795.0,6.0,B,2869802.0,20230321094530.0,1729.45
2023-03-21 09:45:36,100,172900.0,600519.0,1947105.0,1947180.0,1007470.0,6.0,S,2880320.0,20230321094536.0,1729.0
2023-03-21 09:45:38,800,1382728.0,600519.0,1949797.0,1938679.0,1008913.0,6.0,B,2884204.0,20230321094536.0,1728.41
2023-03-21 09:45:39,300,518999.0,600519.0,1949976.0,1833430.0,1009059.0,6.0,B,2884470.0,20230321094536.0,1729.9966666666667
2023-03-21 09:45:40,1100,1903000.0,600519.0,1952222.0,1833446.0,1010305.0,6.0,B,2888047.0,20230321094539.0,1730.0
2023-03-21 09:45:43,2500,4324799.0,600519.0,1955824.0,1955299.0,1012252.0,6.0,B,2893700.0,20230321094542.0,1729.9196
2023-03-21 09:45:44,4100,7095638.0,600519.0,1955825.0,1956918.0,1012883.0,6.0,S,2895446.0,20230321094542.0,1730.6434146341464
2023-03-21 09:45:46,800,1383708.0,600519.0,1949540.0,1958827.0,1013928.0,6.0,S,2898468.0,20230321094545.0,1729.635
2023-03-21 09:45:50,200,346002.0,600519.0,1959168.0,1964359.0,1017831.0,6.0,S,2907502.0,20230321094548.0,1730.01
2023-03-21 09:45:52,100,173002.0,600519.0,1965580.0,1965436.0,1018554.0,6.0,B,2909509.0,20230321094551.0,1730.02
2023-03-21 09:45:58,200,346321.0,600519.0,1972639.0,1965415.0,1022214.0,6.0,B,2920491.0,20230321094557.0,1731.605
2023-03-21 09:45:59,100,173000.0,600519.0,1968100.0,1974048.0,1022920.0,6.0,S,2922606.0,20230321094557.0,1730.0
2023-03-21 09:46:02,100,172999.0,600519.0,1961560.0,1979043.0,1025954.0,6.0,S,2930407.0,20230321094600.0,1729.99
2023-03-21 09:46:07,400,691991.0,600519.0,1985222.0,1985123.0,1029671.0,6.0,B,2939849.0,20230321094606.0,1729.9775
2023-03-21 09:46:09,100,172911.0,600519.0,1974711.0,1988856.0,1031827.0,6.0,S,2945454.0,20230321094606.0,1729.11
2023-03-21 09:46:12,100,172994.0,600519.0,1992162.0,1985123.0,1033545.0,6.0,B,2950526.0,20230321094609.0,1729.94
2023-03-21 09:46:15,100,172910.0,600519.0,1959614.0,1996230.0,1035894.0,6.0,S,2956625.0,20230321094612.0,1729.1
2023-03-21 09:46:17,100,172900.0,600519.0,1949540.0,1998929.0,1037222.0,6.0,S,2960639.0,20230321094615.0,1729.0
2023-03-21 09:46:20,200,345810.0,600519.0,2002126.0,1998669.0,1038936.0,6.0,B,2965534.0,20230321094618.0,1729.05
2023-03-21 09:46:23,200,345800.0,600519.0,1949540.0,2006418.0,1041397.0,6.0,S,2972121.0,20230321094621.0,1729.0
2023-03-21 09:46:25,100,172909.0,600519.0,2008372.0,2006258.0,1042477.0,6.0,B,2975167.0,20230321094624.0,1729.09
2023-03-21 09:46:27,100,172901.0,600519.0,2010803.0,2010998.0,1043793.0,6.0,S,2979154.0,20230321094624.0,1729.01
2023-03-21 09:46:28,200,345809.0,600519.0,2012566.0,2006258.0,1044760.0,6.0,B,2981732.0,20230321094627.0,1729.045
2023-03-21 09:46:30,100,172900.0,600519.0,1949540.0,2014594.0,1045803.0,6.0,S,2984795.0,20230321094627.0,1729.0
2023-03-21 09:46:31,1300,2247794.0,600519.0,1949540.0,2016754.0,1046941.0,6.0,S,2988225.0,20230321094630.0,1729.0723076923077
2023-03-21 09:46:32,100,172900.0,600519.0,1949540.0,2018355.0,1047771.0,6.0,S,2990634.0,20230321094630.0,1729.0
2023-03-21 09:46:33,100,172900.0,600519.0,1949540.0,2018837.0,1048010.0,6.0,S,2991328.0,20230321094630.0,1729.0
2023-03-21 09:46:35,100,172900.0,600519.0,1949540.0,2021668.0,1049751.0,6.0,S,2995968.0,20230321094633.0,1729.0
2023-03-21 09:46:40,100,172908.0,600519.0,2026331.0,2021961.0,1052539.0,6.0,B,3003580.0,20230321094639.0,1729.08
2023-03-21 09:46:45,300,518709.0,600519.0,1949540.0,2032907.0,1056469.0,6.0,S,3014197.0,20230321094642.0,1729.03
2023-03-21 09:46:50,200,345804.0,600519.0,2034318.0,2038426.0,1059165.0,6.0,S,3022885.0,20230321094648.0,1729.02
2023-03-21 09:46:51,300,518700.0,600519.0,1949540.0,2039443.0,1059769.0,6.0,S,3024551.0,20230321094648.0,1729.0
2023-03-21 09:46:53,100,172900.0,600519.0,1949540.0,2041588.0,1061059.0,6.0,S,3027945.0,20230321094651.0,1729.0
2023-03-21 09:46:54,100,172907.0,600519.0,2043305.0,2037324.0,1062088.0,6.0,B,3030422.0,20230321094651.0,1729.07
2023-03-21 09:46:56,300,518721.0,600519.0,2045416.0,2042018.0,1063632.0,6.0,B,3034086.0,20230321094654.0,1729.07
2023-03-21 09:46:57,200,345812.0,600519.0,2048146.0,2046629.0,1065002.0,6.0,B,3038388.0,20230321094657.0,1729.06
2023-03-21 09:46:58,400,691633.0,600519.0,2049388.0,2048970.0,1065740.0,6.0,B,3040330.0,20230321094657.0,1729.0825
2023-03-21 09:46:59,700,1210681.0,600519.0,2050944.0,2051571.0,1066943.0,6.0,S,3043902.0,20230321094657.0,1729.5442857142857
2023-03-21 09:47:03,100,172907.0,600519.0,2050944.0,2056802.0,1069671.0,6.0,S,3052263.0,20230321094700.0,1729.07
2023-03-21 09:47:05,200,345809.0,600519.0,2043451.0,2059011.0,1070994.0,6.0,S,3055834.0,20230321094703.0,1729.045
2023-03-21 09:47:06,100,172902.0,600519.0,2060104.0,2059011.0,1071735.0,6.0,B,3057669.0,20230321094703.0,1729.02
2023-03-21 09:47:07,100,172902.0,600519.0,2061320.0,2059011.0,1072356.0,6.0,B,3059620.0,20230321094706.0,1729.02
2023-03-21 09:47:08,100,172902.0,600519.0,2062593.0,2059011.0,1073079.0,6.0,B,3061616.0,20230321094706.0,1729.02
2023-03-21 09:47:09,500,864507.0,600519.0,1949540.0,2064660.0,1074320.0,6.0,S,3065097.0,20230321094706.0,1729.014
2023-03-21 09:47:12,100,172900.0,600519.0,1949540.0,2066959.0,1075478.0,6.0,S,3068740.0,20230321094709.0,1729.0
2023-03-21 09:47:15,100,172900.0,600519.0,1949540.0,2070135.0,1077022.0,6.0,S,3073547.0,20230321094712.0,1729.0
2023-03-21 09:47:16,100,172901.0,600519.0,2071360.0,2070424.0,1077546.0,6.0,B,3075489.0,20230321094715.0,1729.01
2023-03-21 09:47:17,100,172901.0,600519.0,2072179.0,2070424.0,1077911.0,6.0,B,3076795.0,20230321094715.0,1729.01
2023-03-21 09:47:18,100,172900.0,600519.0,1949540.0,2073572.0,1078687.0,6.0,S,3079039.0,20230321094715.0,1729.0
2023-03-21 09:47:19,100,172901.0,600519.0,2074134.0,2070424.0,1078933.0,6.0,B,3079887.0,20230321094718.0,1729.01
2023-03-21 09:47:22,200,345801.0,600519.0,1949540.0,2077178.0,1080475.0,6.0,S,3084609.0,20230321094721.0,1729.005
2023-03-21 09:47:24,100,172901.0,600519.0,2080067.0,2074843.0,1081997.0,6.0,B,3088973.0,20230321094721.0,1729.01
2023-03-21 09:47:26,100,172901.0,600519.0,2082050.0,2074843.0,1083051.0,6.0,B,3092049.0,20230321094724.0,1729.01
2023-03-21 09:47:27,100,172901.0,600519.0,2083463.0,2074843.0,1083832.0,6.0,B,3094362.0,20230321094727.0,1729.01
2023-03-21 09:47:34,600,1037405.0,600519.0,2090825.0,2090411.0,1087711.0,6.0,B,3106201.0,20230321094733.0,1729.0083333333334
2023-03-21 09:47:35,300,518706.0,600519.0,2091628.0,2066689.0,1088180.0,6.0,B,3107555.0,20230321094733.0,1729.02
2023-03-21 09:47:37,100,172910.0,600519.0,2092661.0,2093864.0,1089232.0,6.0,S,3111082.0,20230321094736.0,1729.1
2023-03-21 09:47:40,500,864509.0,600519.0,2090825.0,2096286.0,1090257.0,6.0,S,3114849.0,20230321094739.0,1729.018
2023-03-21 09:47:41,100,172910.0,600519.0,2097556.0,2097367.0,1090865.0,6.0,B,3116851.0,20230321094739.0,1729.1
2023-03-21 09:47:42,100,172910.0,600519.0,2098535.0,2097367.0,1091328.0,6.0,B,3118322.0,20230321094739.0,1729.1
2023-03-21 09:47:43,300,518777.0,600519.0,2099264.0,2094330.0,1091761.0,6.0,B,3119512.0,20230321094742.0,1729.2566666666667
2023-03-21 09:47:44,100,172901.0,600519.0,2090825.0,2099761.0,1092041.0,6.0,S,3120310.0,20230321094742.0,1729.01
2023-03-21 09:47:45,200,345914.0,600519.0,2100916.0,2098300.0,1092682.0,6.0,B,3122164.0,20230321094742.0,1729.57
2023-03-21 09:47:47,400,691960.0,600519.0,2103049.0,2095790.0,1093867.0,6.0,B,3125593.0,20230321094745.0,1729.9
2023-03-21 09:47:48,600,1037768.0,600519.0,2104265.0,1996506.0,1094469.0,6.0,B,3127543.0,20230321094745.0,1729.6133333333332
2023-03-21 09:47:49,6000,10379999.0,600519.0,2105056.0,2105381.0,1095269.0,6.0,S,3129461.0,20230321094748.0,1729.9998333333333
2023-03-21 09:47:51,1300,2249063.0,600519.0,2107122.0,2107241.0,1096161.0,6.0,S,3132359.0,20230321094748.0,1730.0484615384617
2023-03-21 09:47:52,300,519540.0,600519.0,2108307.0,1971820.0,1096755.0,6.0,B,3134091.0,20230321094751.0,1731.8
2023-03-21 09:47:54,200,345992.0,600519.0,2108151.0,2109793.0,1097639.0,6.0,S,3136471.0,20230321094751.0,1729.96
2023-03-21 09:47:56,900,1556915.0,600519.0,2107887.0,2111804.0,1098768.0,6.0,S,3139818.0,20230321094754.0,1729.9055555555556
2023-03-21 09:47:58,500,864844.0,600519.0,2107362.0,2114378.0,1100171.0,6.0,S,3143944.0,20230321094757.0,1729.688
2023-03-21 09:47:59,100,172985.0,600519.0,2115114.0,2114190.0,1100593.0,6.0,B,3145126.0,20230321094757.0,1729.85
2023-03-21 09:48:01,100,172985.0,600519.0,2117145.0,2114190.0,1101774.0,6.0,B,3148402.0,20230321094800.0,1729.85
2023-03-21 09:48:02,1300,2247906.0,600519.0,2090825.0,2119489.0,1103003.0,6.0,S,3152086.0,20230321094800.0,1729.1584615384616
2023-03-21 09:48:06,100,172984.0,600519.0,2124070.0,2122386.0,1105735.0,6.0,B,3159391.0,20230321094803.0,1729.84
2023-03-21 09:48:08,500,864925.0,600519.0,2126920.0,2124667.0,1107566.0,6.0,B,3164006.0,20230321094806.0,1729.85
2023-03-21 09:48:11,900,1556328.0,600519.0,2090825.0,2130890.0,1109824.0,6.0,S,3170249.0,20230321094809.0,1729.2533333333333
2023-03-21 09:48:13,100,173077.0,600519.0,2133097.0,2133619.0,1111381.0,6.0,S,3174746.0,20230321094812.0,1730.77
2023-03-21 09:48:14,100,173077.0,600519.0,2133097.0,2134104.0,1111588.0,6.0,S,3175517.0,20230321094812.0,1730.77
2023-03-21 09:48:16,100,173072.0,600519.0,2136427.0,2136651.0,1112756.0,6.0,S,3179591.0,20230321094815.0,1730.72
2023-03-21 09:48:18,100,173076.0,600519.0,2139895.0,2137632.0,1114401.0,6.0,B,3184720.0,20230321094815.0,1730.76
2023-03-21 09:48:19,400,692047.0,600519.0,2138561.0,2140460.0,1114716.0,6.0,S,3185574.0,20230321094818.0,1730.1175
2023-03-21 09:48:23,100,173071.0,600519.0,2145542.0,2142078.0,1117520.0,6.0,B,3193685.0,20230321094821.0,1730.71
2023-03-21 09:48:26,400,692283.0,600519.0,2148389.0,2145688.0,1118973.0,6.0,B,3198151.0,20230321094824.0,1730.7075
2023-03-21 09:48:27,1400,2420699.0,600519.0,2090825.0,2149787.0,1119680.0,6.0,S,3200500.0,20230321094824.0,1729.0707142857143
2023-03-21 09:48:28,300,519040.0,600519.0,2150603.0,2148518.0,1120007.0,6.0,B,3201654.0,20230321094827.0,1730.1333333333334
2023-03-21 09:48:30,100,172985.0,600519.0,2152290.0,2151177.0,1120979.0,6.0,B,3204453.0,20230321094827.0,1729.85
2023-03-21 09:48:33,100,172983.0,600519.0,2156090.0,2154774.0,1122785.0,6.0,B,3210386.0,20230321094830.0,1729.83
2023-03-21 09:48:36,100,172984.0,600519.0,2159882.0,2152332.0,1124812.0,6.0,B,3216216.0,20230321094836.0,1729.84
2023-03-21 09:48:37,400,691936.0,600519.0,2160355.0,2156430.0,1125113.0,6.0,B,3216979.0,20230321094836.0,1729.84
2023-03-21 09:48:38,100,172984.0,600519.0,2161737.0,2156430.0,1125865.0,6.0,B,3219195.0,20230321094836.0,1729.84
2023-03-21 09:48:39,100,172984.0,600519.0,2161812.0,2162591.0,1126350.0,6.0,S,3220610.0,20230321094836.0,1729.84
2023-03-21 09:48:40,100,173077.0,600519.0,2163094.0,2134403.0,1126595.0,6.0,B,3221355.0,20230321094839.0,1730.77
2023-03-21 09:48:44,600,1037572.0,600519.0,2137162.0,2167115.0,1128893.0,6.0,S,3227764.0,20230321094842.0,1729.2866666666666
2023-03-21 09:48:47,100,173098.0,600519.0,2170720.0,2166099.0,1130451.0,6.0,B,3233077.0,20230321094845.0,1730.98
2023-03-21 09:48:49,1000,1729000.0,600519.0,1949540.0,2173295.0,1131742.0,6.0,S,3237177.0,20230321094848.0,1729.0
2023-03-21 09:48:50,100,173098.0,600519.0,2173653.0,2169622.0,1131928.0,6.0,B,3237719.0,20230321094848.0,1730.98
2023-03-21 09:48:52,100,172999.0,600519.0,2173829.0,2175419.0,1132759.0,6.0,S,3240470.0,20230321094851.0,1729.99
2023-03-21 09:48:55,200,346132.0,600519.0,2178181.0,2175697.0,1134084.0,6.0,B,3244630.0,20230321094854.0,1730.66
2023-03-21 09:48:58,100,173066.0,600519.0,2180944.0,2175697.0,1135492.0,6.0,B,3248956.0,20230321094857.0,1730.66
2023-03-21 09:49:01,100,173066.0,600519.0,2183780.0,2175697.0,1137026.0,6.0,B,3253504.0,20230321094900.0,1730.66
2023-03-21 09:49:03,200,346132.0,600519.0,2186484.0,2180930.0,1138418.0,6.0,B,3257734.0,20230321094903.0,1730.66
2023-03-21 09:49:06,100,173090.0,600519.0,2189312.0,2180783.0,1140179.0,6.0,B,3262405.0,20230321094903.0,1730.9
2023-03-21 09:49:07,100,173032.0,600519.0,2175466.0,2191511.0,1141309.0,6.0,S,3265888.0,20230321094906.0,1730.32
2023-03-21 09:49:10,100,173032.0,600519.0,2194170.0,2191511.0,1142752.0,6.0,B,3270004.0,20230321094909.0,1730.32
2023-03-21 09:49:11,100,173032.0,600519.0,2194571.0,2196199.0,1143904.0,6.0,S,3273229.0,20230321094909.0,1730.32
2023-03-21 09:49:13,100,173000.0,600519.0,2181563.0,2198733.0,1145588.0,6.0,S,3277308.0,20230321094912.0,1730.0
2023-03-21 09:49:14,200,346064.0,600519.0,2199447.0,2196199.0,1145942.0,6.0,B,3278445.0,20230321094912.0,1730.32
2023-03-21 09:49:18,100,173032.0,600519.0,2203283.0,2196199.0,1148051.0,6.0,B,3284622.0,20230321094915.0,1730.32
2023-03-21 09:49:20,200,346064.0,600519.0,2205879.0,2197428.0,1149613.0,6.0,B,3288899.0,20230321094918.0,1730.32
2023-03-21 09:49:23,100,173032.0,600519.0,2208755.0,2201575.0,1151114.0,6.0,B,3293506.0,20230321094921.0,1730.32
2023-03-21 09:49:26,500,865294.0,600519.0,2211344.0,2211260.0,1152499.0,6.0,B,3297573.0,20230321094924.0,1730.588
2023-03-21 09:49:31,100,173050.0,600519.0,2215343.0,2212779.0,1154671.0,6.0,B,3303807.0,20230321094930.0,1730.5
2023-03-21 09:49:35,600,1038300.0,600519.0,2219093.0,2219258.0,1156756.0,6.0,S,3309950.0,20230321094933.0,1730.5
2023-03-21 09:49:40,100,173099.0,600519.0,2223407.0,2219007.0,1159119.0,6.0,B,3316575.0,20230321094939.0,1730.99
2023-03-21 09:49:41,100,173100.0,600519.0,2224696.0,2126261.0,1159831.0,6.0,B,3318585.0,20230321094939.0,1731.0
2023-03-21 09:49:42,200,346151.0,600519.0,2225623.0,2225833.0,1160508.0,6.0,S,3320410.0,20230321094939.0,1730.755
2023-03-21 09:49:43,200,346200.0,600519.0,2227214.0,2126261.0,1161184.0,6.0,B,3322495.0,20230321094942.0,1731.0
2023-03-21 09:49:44,100,173100.0,600519.0,2227387.0,2126261.0,1161274.0,6.0,B,3322741.0,20230321094942.0,1731.0
2023-03-21 09:49:46,700,1211399.0,600519.0,2219093.0,2229100.0,1162204.0,6.0,S,3325400.0,20230321094945.0,1730.57
2023-03-21 09:49:49,300,519300.0,600519.0,2232880.0,2186501.0,1164182.0,6.0,B,3331183.0,20230321094948.0,1731.0
2023-03-21 09:49:50,800,1384800.0,600519.0,2233548.0,2229472.0,1164470.0,6.0,B,3332179.0,20230321094948.0,1731.0
2023-03-21 09:49:51,100,173100.0,600519.0,2234614.0,2233890.0,1165003.0,6.0,B,3333826.0,20230321094948.0,1731.0
2023-03-21 09:49:52,100,173170.0,600519.0,2236446.0,2175060.0,1165878.0,6.0,B,3336657.0,20230321094951.0,1731.7
2023-03-21 09:49:53,2200,3807734.0,600519.0,2238077.0,2237991.0,1166865.0,6.0,B,3339122.0,20230321094951.0,1730.7881818181818
2023-03-21 09:49:54,1100,1903811.0,600519.0,2238726.0,2238578.0,1167223.0,6.0,B,3340199.0,20230321094951.0,1730.7372727272727
2023-03-21 09:49:55,1100,1903685.0,600519.0,2240062.0,2240089.0,1167983.0,6.0,S,3342424.0,20230321094954.0,1730.6227272727272
2023-03-21 09:49:56,400,692000.0,600519.0,2240319.0,2240089.0,1168087.0,6.0,B,3342784.0,20230321094954.0,1730.0
2023-03-21 09:49:59,300,518911.0,600519.0,2202436.0,2243440.0,1169513.0,6.0,S,3347507.0,20230321094957.0,1729.7033333333334
2023-03-21 09:50:00,200,346200.0,600519.0,2245155.0,2244965.0,1170597.0,6.0,B,3350219.0,20230321094957.0,1731.0
2023-03-21 09:50:01,100,173179.0,600519.0,2245668.0,2118908.0,1170908.0,6.0,B,3351063.0,20230321095000.0,1731.79
2023-03-21 09:50:03,100,173100.0,600519.0,2249772.0,2249558.0,1173534.0,6.0,B,3357755.0,20230321095000.0,1731.0
2023-03-21 09:50:09,300,519281.0,600519.0,2259939.0,2249980.0,1179989.0,6.0,B,3374174.0,20230321095006.0,1730.9366666666667
2023-03-21 09:50:10,100,173075.0,600519.0,2259485.0,2260605.0,1180324.0,6.0,S,3375198.0,20230321095009.0,1730.75
2023-03-21 09:50:12,100,173100.0,600519.0,2263940.0,2261751.0,1182398.0,6.0,B,3380657.0,20230321095009.0,1731.0
2023-03-21 09:50:13,400,692100.0,600519.0,2265045.0,2264329.0,1182948.0,6.0,B,3382429.0,20230321095012.0,1730.25
2023-03-21 09:50:16,800,1384149.0,600519.0,2268838.0,2265685.0,1185078.0,6.0,B,3388346.0,20230321095015.0,1730.18625
2023-03-21 09:50:18,100,173100.0,600519.0,2268596.0,2271941.0,1186744.0,6.0,S,3393051.0,20230321095018.0,1731.0
2023-03-21 09:50:19,300,519299.0,600519.0,2272720.0,2249832.0,1187189.0,6.0,B,3394241.0,20230321095018.0,1730.9966666666667
2023-03-21 09:50:25,100,173100.0,600519.0,2280505.0,2276365.0,1191491.0,6.0,B,3406661.0,20230321095024.0,1731.0
2023-03-21 09:50:29,100,173100.0,600519.0,2285369.0,2276557.0,1194221.0,6.0,B,3414652.0,20230321095027.0,1731.0
2023-03-21 09:50:30,100,173000.0,600519.0,2272407.0,2285724.0,1194404.0,6.0,S,3415202.0,20230321095027.0,1730.0
2023-03-21 09:50:32,100,173000.0,600519.0,2272407.0,2288509.0,1195886.0,6.0,S,3419645.0,20230321095030.0,1730.0
2023-03-21 09:50:37,100,173099.0,600519.0,2295113.0,2287308.0,1199707.0,6.0,B,3430165.0,20230321095036.0,1730.99
2023-03-21 09:50:39,100,173000.0,600519.0,2272407.0,2299228.0,1202252.0,6.0,S,3436799.0,20230321095039.0,1730.0
2023-03-21 09:50:40,100,173099.0,600519.0,2300357.0,2287308.0,1203009.0,6.0,B,3438476.0,20230321095039.0,1730.99
2023-03-21 09:50:43,200,346000.0,600519.0,2272407.0,2305137.0,1205989.0,6.0,S,3446000.0,20230321095042.0,1730.0
2023-03-21 09:50:44,100,173099.0,600519.0,2305653.0,2294658.0,1206416.0,6.0,B,3446923.0,20230321095042.0,1730.99
2023-03-21 09:50:47,100,173000.0,600519.0,2272407.0,2310221.0,1209261.0,6.0,S,3454257.0,20230321095045.0,1730.0
2023-03-21 09:50:48,200,346160.0,600519.0,2311083.0,2310887.0,1209675.0,6.0,B,3455588.0,20230321095045.0,1730.8
2023-03-21 09:50:51,100,173099.0,600519.0,2315435.0,2294658.0,1212131.0,6.0,B,3462475.0,20230321095051.0,1730.99
2023-03-21 09:50:52,100,173020.0,600519.0,2312811.0,2315865.0,1212586.0,6.0,S,3463349.0,20230321095051.0,1730.2
2023-03-21 09:50:55,100,173099.0,600519.0,2318931.0,2294658.0,1214305.0,6.0,B,3468198.0,20230321095054.0,1730.99
2023-03-21 09:50:59,100,173099.0,600519.0,2324024.0,2294658.0,1217172.0,6.0,B,3475837.0,20230321095057.0,1730.99
2023-03-21 09:51:00,100,173099.0,600519.0,2325659.0,2294658.0,1218094.0,6.0,B,3478351.0,20230321095100.0,1730.99
2023-03-21 09:51:02,100,173020.0,600519.0,2324206.0,2328948.0,1220037.0,6.0,S,3483470.0,20230321095100.0,1730.2
2023-03-21 09:51:03,100,173099.0,600519.0,2329864.0,2299518.0,1220475.0,6.0,B,3484802.0,20230321095100.0,1730.99
2023-03-21 09:51:04,100,173099.0,600519.0,2331263.0,2314216.0,1221256.0,6.0,B,3486995.0,20230321095103.0,1730.99
2023-03-21 09:51:08,100,173099.0,600519.0,2337450.0,2330232.0,1224959.0,6.0,B,3497072.0,20230321095106.0,1730.99
2023-03-21 09:51:09,100,173099.0,600519.0,2337833.0,2335503.0,1225185.0,6.0,B,3497759.0,20230321095106.0,1730.99
2023-03-21 09:51:10,300,519299.0,600519.0,2338672.0,2339651.0,1226492.0,6.0,S,3500987.0,20230321095109.0,1730.9966666666667
2023-03-21 09:51:12,100,173100.0,600519.0,2341498.0,2339140.0,1227866.0,6.0,B,3504256.0,20230321095109.0,1731.0
2023-03-21 09:51:13,300,519139.0,600519.0,2341789.0,2342410.0,1228265.0,6.0,S,3505595.0,20230321095112.0,1730.4633333333334
2023-03-21 09:51:14,100,173099.0,600519.0,2342490.0,2343640.0,1228984.0,6.0,S,3507524.0,20230321095112.0,1730.99
2023-03-21 09:51:22,200,346205.0,600519.0,2353660.0,2330699.0,1234423.0,6.0,B,3522905.0,20230321095121.0,1731.025
2023-03-21 09:51:23,400,692520.0,600519.0,2355442.0,2291132.0,1235466.0,6.0,B,3525730.0,20230321095121.0,1731.3
2023-03-21 09:51:24,100,173150.0,600519.0,2355442.0,2356476.0,1236004.0,6.0,S,3527364.0,20230321095121.0,1731.5
2023-03-21 09:51:25,600,1038545.0,600519.0,2357236.0,2356476.0,1236436.0,6.0,B,3528623.0,20230321095124.0,1730.9083333333333
2023-03-21 09:51:26,100,173180.0,600519.0,2358842.0,1971820.0,1237252.0,6.0,B,3531182.0,20230321095124.0,1731.8
2023-03-21 09:51:27,100,173180.0,600519.0,2359326.0,1971820.0,1237526.0,6.0,B,3531894.0,20230321095124.0,1731.8
2023-03-21 09:51:28,200,346289.0,600519.0,2360692.0,2337046.0,1238369.0,6.0,B,3534093.0,20230321095127.0,1731.445
2023-03-21 09:51:31,100,173051.0,600519.0,2359431.0,2364465.0,1240666.0,6.0,S,3540170.0,20230321095130.0,1730.51
2023-03-21 09:51:32,100,173051.0,600519.0,2359431.0,2365594.0,1241236.0,6.0,S,3541929.0,20230321095130.0,1730.51
2023-03-21 09:51:37,100,173099.0,600519.0,2365689.0,2371370.0,1244605.0,6.0,S,3551339.0,20230321095136.0,1730.99
2023-03-21 09:51:46,100,173099.0,600519.0,2375412.0,2381248.0,1249688.0,6.0,S,3566579.0,20230321095145.0,1730.99
2023-03-21 09:51:49,200,346269.0,600519.0,2382167.0,2383433.0,1250808.0,6.0,S,3569986.0,20230321095148.0,1731.345
2023-03-21 09:51:51,800,1385514.0,600519.0,2386167.0,1969879.0,1252407.0,6.0,B,3574309.0,20230321095151.0,1731.8925
2023-03-21 09:51:52,100,173195.0,600519.0,2386167.0,2386672.0,1252605.0,6.0,S,3575013.0,20230321095151.0,1731.95
2023-03-21 09:51:55,200,346378.0,600519.0,2385537.0,2390206.0,1254584.0,6.0,S,3580669.0,20230321095154.0,1731.89
2023-03-21 09:51:58,100,173189.0,600519.0,2392197.0,2390656.0,1255470.0,6.0,B,3583709.0,20230321095157.0,1731.89
2023-03-21 09:51:59,100,173189.0,600519.0,2393936.0,2392225.0,1256394.0,6.0,B,3586445.0,20230321095157.0,1731.89
2023-03-21 09:52:01,200,346286.0,600519.0,2395013.0,2396034.0,1257270.0,6.0,S,3589604.0,20230321095200.0,1731.43
2023-03-21 09:52:03,100,173195.0,600519.0,2398182.0,2391348.0,1258703.0,6.0,B,3593302.0,20230321095203.0,1731.95
2023-03-21 09:52:14,100,173189.0,600519.0,2409548.0,2408479.0,1264965.0,6.0,B,3611575.0,20230321095212.0,1731.89
2023-03-21 09:52:20,100,173100.0,600519.0,2395013.0,2416638.0,1268696.0,6.0,S,3622725.0,20230321095218.0,1731.0
2023-03-21 09:52:21,100,173180.0,600519.0,2418716.0,2417944.0,1270018.0,6.0,B,3626056.0,20230321095218.0,1731.8
2023-03-21 09:52:22,300,519300.0,600519.0,2395013.0,2419264.0,1270237.0,6.0,S,3626834.0,20230321095221.0,1731.0
2023-03-21 09:52:23,100,173187.0,600519.0,2421304.0,2420282.0,1271455.0,6.0,B,3630102.0,20230321095221.0,1731.87
2023-03-21 09:52:24,200,346287.0,600519.0,2421983.0,2420283.0,1271845.0,6.0,B,3631238.0,20230321095221.0,1731.435
2023-03-21 09:52:25,100,173180.0,600519.0,2423118.0,2422262.0,1272379.0,6.0,B,3632991.0,20230321095224.0,1731.8
2023-03-21 09:52:27,100,173179.0,600519.0,2425615.0,2423734.0,1273802.0,6.0,B,3636855.0,20230321095224.0,1731.79
2023-03-21 09:52:29,100,173100.0,600519.0,2411179.0,2427891.0,1275087.0,6.0,S,3640525.0,20230321095227.0,1731.0
2023-03-21 09:52:31,200,346372.0,600519.0,2429957.0,2423787.0,1276184.0,6.0,B,3643673.0,20230321095230.0,1731.86
2023-03-21 09:52:35,200,346200.0,600519.0,2429176.0,2433961.0,1278033.0,6.0,S,3649956.0,20230321095233.0,1731.0
2023-03-21 09:52:37,100,173100.0,600519.0,2433885.0,2435868.0,1279147.0,6.0,S,3653056.0,20230321095236.0,1731.0
2023-03-21 09:52:39,600,1038599.0,600519.0,2438303.0,2437924.0,1280398.0,6.0,B,3656814.0,20230321095239.0,1730.9983333333332
2023-03-21 09:52:40,300,519300.0,600519.0,2439241.0,2437924.0,1280858.0,6.0,B,3658276.0,20230321095239.0,1731.0
2023-03-21 09:52:43,200,346200.0,600519.0,2440611.0,2441578.0,1282336.0,6.0,S,3662091.0,20230321095242.0,1731.0
2023-03-21 09:52:52,100,173100.0,600519.0,2449979.0,2441578.0,1286549.0,6.0,B,3675141.0,20230321095251.0,1731.0
2023-03-21 09:52:53,100,173050.0,600519.0,2353689.0,2450868.0,1287020.0,6.0,S,3676461.0,20230321095251.0,1730.5
2023-03-21 09:52:55,100,173100.0,600519.0,2453385.0,2441578.0,1288224.0,6.0,B,3680183.0,20230321095254.0,1731.0
2023-03-21 09:52:56,100,173100.0,600519.0,2454472.0,2441578.0,1289017.0,6.0,B,3682104.0,20230321095254.0,1731.0
2023-03-21 09:53:00,100,173050.0,600519.0,2451619.0,2457726.0,1290641.0,6.0,S,3687024.0,20230321095257.0,1730.5
2023-03-21 09:53:04,1200,2077200.0,600519.0,2462352.0,2461859.0,1293337.0,6.0,B,3694504.0,20230321095303.0,1731.0
2023-03-21 09:53:13,500,865500.0,600519.0,2462352.0,2473519.0,1299550.0,6.0,S,3711993.0,20230321095312.0,1731.0
2023-03-21 09:53:14,100,173100.0,600519.0,2462352.0,2474209.0,1299872.0,6.0,S,3713029.0,20230321095312.0,1731.0
2023-03-21 09:53:15,200,346356.0,600519.0,2475607.0,2449894.0,1300626.0,6.0,B,3715238.0,20230321095312.0,1731.78
2023-03-21 09:53:16,200,346279.0,600519.0,2462352.0,2476165.0,1300863.0,6.0,S,3716080.0,20230321095315.0,1731.395
2023-03-21 09:53:17,200,346151.0,600519.0,2458070.0,2477977.0,1301766.0,6.0,S,3718857.0,20230321095315.0,1730.755
2023-03-21 09:53:20,100,173100.0,600519.0,2478790.0,2481247.0,1303372.0,6.0,S,3723857.0,20230321095318.0,1731.0
2023-03-21 09:53:24,100,173100.0,600519.0,2483568.0,2485311.0,1305440.0,6.0,S,3730256.0,20230321095324.0,1731.0
2023-03-21 09:53:28,100,173150.0,600519.0,2488474.0,2486587.0,1307009.0,6.0,B,3734936.0,20230321095327.0,1731.5
2023-03-21 09:53:30,100,173100.0,600519.0,2486572.0,2490841.0,1308258.0,6.0,S,3738656.0,20230321095327.0,1731.0
2023-03-21 09:53:34,100,173100.0,600519.0,2491983.0,2494089.0,1309987.0,6.0,S,3744087.0,20230321095333.0,1731.0
2023-03-21 09:53:39,200,346196.0,600519.0,2495310.0,2499161.0,1312512.0,6.0,S,3752255.0,20230321095336.0,1730.98
2023-03-21 09:53:41,100,173100.0,600519.0,2501321.0,2499882.0,1313674.0,6.0,B,3755736.0,20230321095339.0,1731.0
2023-03-21 09:53:43,100,173100.0,600519.0,2502379.0,2499882.0,1314217.0,6.0,B,3757519.0,20230321095342.0,1731.0
2023-03-21 09:53:46,100,173100.0,600519.0,2505858.0,2499882.0,1316148.0,6.0,B,3763331.0,20230321095345.0,1731.0
2023-03-21 09:53:47,400,692400.0,600519.0,2506645.0,2504146.0,1316656.0,6.0,B,3764653.0,20230321095345.0,1731.0
2023-03-21 09:53:48,100,173055.0,600519.0,2496803.0,2507768.0,1317195.0,6.0,S,3766435.0,20230321095348.0,1730.55
2023-03-21 09:53:55,100,173100.0,600519.0,2508558.0,2514369.0,1320962.0,6.0,S,3777041.0,20230321095354.0,1731.0
2023-03-21 09:53:58,100,173106.0,600519.0,2517416.0,2508308.0,1322648.0,6.0,B,3782005.0,20230321095357.0,1731.06
2023-03-21 09:54:01,100,173100.0,600519.0,2519515.0,2517699.0,1323753.0,6.0,B,3785387.0,20230321095400.0,1731.0
2023-03-21 09:54:03,100,173100.0,600519.0,2522373.0,2517723.0,1325526.0,6.0,B,3790254.0,20230321095403.0,1731.0
2023-03-21 09:54:05,100,173100.0,600519.0,2524546.0,2523506.0,1326720.0,6.0,B,3793680.0,20230321095403.0,1731.0
2023-03-21 09:54:07,100,173055.0,600519.0,2505659.0,2526051.0,1327567.0,6.0,S,3796175.0,20230321095406.0,1730.55
2023-03-21 09:54:16,100,173098.0,600519.0,2535080.0,2532857.0,1332409.0,6.0,B,3810559.0,20230321095415.0,1730.98
2023-03-21 09:54:17,200,346155.0,600519.0,2536704.0,2523506.0,1333291.0,6.0,B,3813104.0,20230321095415.0,1730.775
2023-03-21 09:54:25,100,173055.0,600519.0,2529566.0,2545372.0,1338098.0,6.0,S,3826879.0,20230321095424.0,1730.55
2023-03-21 09:54:37,400,692310.0,600519.0,2557471.0,2523506.0,1345143.0,6.0,B,3846441.0,20230321095436.0,1730.775
2023-03-21 09:54:40,100,173055.0,600519.0,2544514.0,2559451.0,1346157.0,6.0,S,3849519.0,20230321095439.0,1730.55
2023-03-21 09:54:41,100,173100.0,600519.0,2560418.0,2523506.0,1346620.0,6.0,B,3851068.0,20230321095439.0,1731.0
2023-03-21 09:54:42,100,173055.0,600519.0,2544514.0,2561009.0,1346984.0,6.0,S,3852061.0,20230321095439.0,1730.55
2023-03-21 09:54:44,100,173100.0,600519.0,2563287.0,2524255.0,1348090.0,6.0,B,3855591.0,20230321095442.0,1731.0
2023-03-21 09:54:45,100,173055.0,600519.0,2544514.0,2564189.0,1348713.0,6.0,S,3857055.0,20230321095442.0,1730.55
2023-03-21 09:54:47,100,173055.0,600519.0,2551483.0,2566313.0,1349751.0,6.0,S,3860371.0,20230321095445.0,1730.55
2023-03-21 09:54:49,100,173055.0,600519.0,2556020.0,2567773.0,1350627.0,6.0,S,3862707.0,20230321095448.0,1730.55
2023-03-21 09:54:50,100,173055.0,600519.0,2556020.0,2568064.0,1350788.0,6.0,S,3863124.0,20230321095448.0,1730.55
2023-03-21 09:54:52,100,173099.0,600519.0,2570145.0,2569047.0,1351979.0,6.0,B,3866341.0,20230321095451.0,1730.99
2023-03-21 09:54:55,100,173099.0,600519.0,2573249.0,2569047.0,1353675.0,6.0,B,3871138.0,20230321095454.0,1730.99
2023-03-21 09:55:01,100,173055.0,600519.0,2559475.0,2578881.0,1356515.0,6.0,S,3879906.0,20230321095500.0,1730.55
2023-03-21 09:55:04,100,173099.0,600519.0,2582063.0,2569047.0,1358284.0,6.0,B,3884937.0,20230321095503.0,1730.99
2023-03-21 09:55:12,100,173056.0,600519.0,2582483.0,2590714.0,1363462.0,6.0,S,3898599.0,20230321095509.0,1730.56
2023-03-21 09:55:13,100,173099.0,600519.0,2591582.0,2569047.0,1363909.0,6.0,B,3899956.0,20230321095512.0,1730.99
2023-03-21 09:55:23,615,1064326.55,600519.0,2599370.0,2602321.0,1369800.0,6.0,S,3916930.0,20230321095521.0,1730.6122764227644
2023-03-21 09:55:24,200,346198.0,600519.0,2603566.0,2596148.0,1370493.0,6.0,B,3918903.0,20230321095524.0,1730.99
2023-03-21 09:55:25,900,1557900.0,600519.0,2603845.0,2592043.0,1370648.0,6.0,B,3919378.0,20230321095524.0,1731.0
2023-03-21 09:55:27,300,519270.0,600519.0,2606146.0,2606279.0,1372034.0,6.0,S,3923232.0,20230321095524.0,1730.9
2023-03-21 09:55:28,100,173104.0,600519.0,2606683.0,2579039.0,1372288.0,6.0,B,3923892.0,20230321095527.0,1731.04
2023-03-21 09:55:31,100,173099.0,600519.0,2609885.0,2607081.0,1373952.0,6.0,B,3928929.0,20230321095530.0,1730.99
2023-03-21 09:55:32,200,346208.0,600519.0,2609885.0,2611325.0,1374656.0,6.0,S,3931232.0,20230321095530.0,1731.04
2023-03-21 09:55:36,100,173106.0,600519.0,2614430.0,2563364.0,1376188.0,6.0,B,3936025.0,20230321095533.0,1731.06
2023-03-21 09:55:37,100,173104.0,600519.0,2609885.0,2615805.0,1376831.0,6.0,S,3938168.0,20230321095536.0,1731.04
2023-03-21 09:55:40,100,173104.0,600519.0,2609885.0,2618359.0,1378163.0,6.0,S,3942279.0,20230321095539.0,1731.04
2023-03-21 09:55:45,100,173107.0,600519.0,2622558.0,2623415.0,1381200.0,6.0,S,3950451.0,20230321095545.0,1731.07
2023-03-21 09:55:47,100,173104.0,600519.0,2609885.0,2625381.0,1382271.0,6.0,S,3953682.0,20230321095545.0,1731.04
2023-03-21 09:55:53,200,346208.0,600519.0,2616045.0,2630709.0,1384963.0,6.0,S,3962130.0,20230321095551.0,1731.04
2023-03-21 09:55:54,100,173150.0,600519.0,2631916.0,2506868.0,1385724.0,6.0,B,3963969.0,20230321095554.0,1731.5
2023-03-21 09:55:55,100,173104.0,600519.0,2621435.0,2632327.0,1385917.0,6.0,S,3964572.0,20230321095554.0,1731.04
2023-03-21 09:55:57,100,173104.0,600519.0,2621778.0,2633851.0,1386787.0,6.0,S,3966993.0,20230321095554.0,1731.04
2023-03-21 09:55:58,100,173150.0,600519.0,2635448.0,2555588.0,1387710.0,6.0,B,3969588.0,20230321095557.0,1731.5
2023-03-21 09:56:00,200,346208.0,600519.0,2630541.0,2636793.0,1388407.0,6.0,S,3971784.0,20230321095557.0,1731.04
2023-03-21 09:56:01,400,692416.0,600519.0,2637557.0,2637706.0,1388919.0,6.0,S,3973327.0,20230321095600.0,1731.04
2023-03-21 09:56:04,100,173150.0,600519.0,2640384.0,2621086.0,1390568.0,6.0,B,3977576.0,20230321095603.0,1731.5
2023-03-21 09:56:05,50,86575.0,600519.0,2641486.0,2634011.0,1391327.0,6.0,B,3979403.0,20230321095603.0,1731.5
2023-03-21 09:56:06,100,173127.5,600519.0,2639100.0,2643449.0,1392466.0,6.0,S,3982493.0,20230321095606.0,1731.275
2023-03-21 09:56:07,100,173150.0,600519.0,2643511.0,2644484.0,1393029.0,6.0,S,3984106.0,20230321095606.0,1731.5
2023-03-21 09:56:10,100,173150.0,600519.0,2646516.0,2644821.0,1394217.0,6.0,B,3987336.0,20230321095609.0,1731.5
2023-03-21 09:56:14,100,173105.0,600519.0,2649427.0,2650819.0,1396296.0,6.0,S,3994089.0,20230321095612.0,1731.05
2023-03-21 09:56:16,100,173155.0,600519.0,2652335.0,2527820.0,1397290.0,6.0,B,3996651.0,20230321095615.0,1731.55
2023-03-21 09:56:20,100,173154.0,600519.0,2655762.0,2653076.0,1399154.0,6.0,B,4002036.0,20230321095618.0,1731.54
2023-03-21 09:56:23,100,173156.0,600519.0,2658296.0,2617624.0,1400508.0,6.0,B,4006049.0,20230321095621.0,1731.56
2023-03-21 09:56:26,100,173155.0,600519.0,2655762.0,2661659.0,1402170.0,6.0,S,4011285.0,20230321095624.0,1731.55
2023-03-21 09:56:29,100,173175.0,600519.0,2663987.0,2516483.0,1403521.0,6.0,B,4015068.0,20230321095627.0,1731.75
2023-03-21 09:56:30,100,173176.0,600519.0,2664287.0,2507295.0,1403662.0,6.0,B,4015525.0,20230321095627.0,1731.76
2023-03-21 09:56:33,2600,4503179.0,600519.0,2667840.0,1507953.0,1405273.0,6.0,B,4021066.0,20230321095633.0,1731.991923076923
2023-03-21 09:56:34,300,519756.0,600519.0,2668680.0,2636042.0,1405692.0,6.0,B,4022413.0,20230321095633.0,1732.52
2023-03-21 09:56:37,1600,2772716.0,600519.0,2671367.0,2617442.0,1407305.0,6.0,B,4026874.0,20230321095636.0,1732.9475
2023-03-21 09:56:38,400,692961.0,600519.0,2668010.0,2672498.0,1408075.0,6.0,S,4028779.0,20230321095636.0,1732.4025
2023-03-21 09:56:39,100,173256.0,600519.0,2673457.0,2673329.0,1408719.0,6.0,B,4030402.0,20230321095639.0,1732.56
2023-03-21 09:56:40,100,173216.0,600519.0,2673699.0,2673512.0,1408838.0,6.0,B,4030777.0,20230321095639.0,1732.16
2023-03-21 09:56:41,100,173260.0,600519.0,2674541.0,2675172.0,1409601.0,6.0,S,4033151.0,20230321095639.0,1732.6
2023-03-21 09:56:44,100,173307.0,600519.0,2677670.0,1317766.0,1411023.0,6.0,B,4037184.0,20230321095642.0,1733.07
2023-03-21 09:56:46,100,173307.0,600519.0,2679411.0,2675495.0,1411969.0,6.0,B,4040094.0,20230321095645.0,1733.07
2023-03-21 09:56:51,100,173307.0,600519.0,2679411.0,2683074.0,1413905.0,6.0,S,4046128.0,20230321095648.0,1733.07
2023-03-21 09:56:52,300,519921.0,600519.0,2683989.0,2684144.0,1414445.0,6.0,S,4047836.0,20230321095651.0,1733.07
2023-03-21 09:56:58,200,346607.0,600519.0,2689280.0,2689016.0,1417367.0,6.0,B,4056150.0,20230321095657.0,1733.035
2023-03-21 09:56:59,100,173310.0,600519.0,2689280.0,2689561.0,1417545.0,6.0,S,4056618.0,20230321095657.0,1733.1
2023-03-21 09:57:00,300,519856.0,600519.0,2673765.0,2691027.0,1418376.0,6.0,S,4058908.0,20230321095657.0,1732.8533333333332
