timestamp,SecurityID,bid_price_1,bid_price_2,bid_price_3,bid_price_4,bid_price_5,bid_price_6,bid_price_7,bid_price_8,bid_price_9,bid_price_10,ask_price_1,ask_price_2,ask_price_3,ask_price_4,ask_price_5,ask_price_6,ask_price_7,ask_price_8,ask_price_9,ask_price_10,bid_quantity_1,bid_quantity_2,bid_quantity_3,bid_quantity_4,bid_quantity_5,bid_quantity_6,bid_quantity_7,bid_quantity_8,bid_quantity_9,bid_quantity_10,ask_quantity_1,ask_quantity_2,ask_quantity_3,ask_quantity_4,ask_quantity_5,ask_quantity_6,ask_quantity_7,ask_quantity_8,ask_quantity_9,ask_quantity_10
2023-03-20 09:15:01,600519.0,1743.0,1742.0,1736.66,1731.0,1725.0,1721.21,1721.0,1718.8,1718.0,1716.0,1755.0,1756.0,1758.98,1759.0,1759.99,1760.0,1760.63,1762.98,1765.0,1766.98,100.0,200.0,100.0,100.0,100.0,100.0,100.0,100.0,100.0,100.0,100.0,100.0,100.0,100.0,100.0,200.0,100.0,300.0,300.0,300.0
2023-03-20 09:15:02,600519.0,1743.0,1742.0,1741.8,1740.0,1736.66,1736.0,1731.0,1730.88,1730.0,1725.0,1755.0,1756.0,1758.88,1758.98,1759.0,1759.99,1760.0,1760.63,1762.0,1762.02,200.0,600.0,200.0,100.0,100.0,100.0,100.0,100.0,200.0,100.0,200.0,100.0,100.0,100.0,100.0,100.0,200.0,100.0,200.0,100.0
2023-03-20 09:15:03,600519.0,1743.0,1742.0,1741.8,1740.36,1740.0,1736.66,1736.0,1735.0,1734.0,1733.0,1699.98,1755.0,1756.0,1758.88,1758.98,1759.0,1759.99,1760.0,1760.63,1762.0,200.0,600.0,200.0,100.0,100.0,100.0,100.0,100.0,100.0,100.0,100.0,200.0,100.0,100.0,100.0,100.0,100.0,200.0,100.0,200.0
2023-03-20 09:15:04,600519.0,1744.0,1743.0,1742.0,1741.8,1740.36,1740.0,1736.66,1736.0,1735.0,1734.0,1699.98,1737.21,1755.0,1756.0,1756.69,1758.0,1758.88,1758.98,1759.0,1759.99,100.0,200.0,600.0,200.0,100.0,100.0,100.0,100.0,100.0,100.0,100.0,200.0,200.0,100.0,100.0,100.0,100.0,100.0,100.0,100.0
2023-03-20 09:15:05,600519.0,1744.0,1743.0,1742.0,1741.8,1740.36,1740.0,1737.0,1736.66,1736.0,1735.55,1699.98,1737.21,1755.0,1756.0,1756.69,1758.0,1758.88,1758.98,1759.0,1759.98,200.0,200.0,700.0,200.0,100.0,100.0,100.0,100.0,200.0,100.0,100.0,200.0,200.0,100.0,100.0,200.0,100.0,100.0,100.0,100.0
2023-03-20 09:15:06,600519.0,1915.99,1744.0,1743.0,1742.0,1741.8,1740.36,1740.0,1737.0,1736.66,1736.0,1699.98,1700.0,1737.21,1749.8,1754.32,1755.0,1756.0,1756.69,1757.0,1758.0,100.0,600.0,200.0,1400.0,200.0,100.0,100.0,100.0,100.0,200.0,100.0,100.0,200.0,100.0,100.0,200.0,100.0,100.0,100.0,100.0
2023-03-20 09:15:07,600519.0,1915.99,1794.26,1744.0,1743.0,1742.0,1741.8,1740.36,1740.0,1737.0,1736.66,1699.98,1700.0,1737.21,1742.0,1749.8,1750.0,1754.32,1755.0,1756.0,1756.69,100.0,100.0,600.0,200.0,1600.0,200.0,100.0,100.0,100.0,100.0,100.0,100.0,200.0,200.0,100.0,100.0,100.0,200.0,100.0,100.0
2023-03-20 09:15:08,600519.0,1915.99,1794.26,1744.0,1743.0,1742.0,1741.8,1740.36,1740.0,1737.0,1736.66,1567.8,1699.98,1700.0,1737.21,1742.0,1748.5,1749.8,1750.0,1754.0,1754.32,100.0,100.0,800.0,200.0,1600.0,200.0,100.0,5100.0,200.0,100.0,100.0,100.0,100.0,200.0,200.0,100.0,100.0,100.0,100.0,100.0
2023-03-20 09:15:09,600519.0,1916.2,1915.99,1794.26,1745.0,1744.0,1743.0,1742.0,1741.8,1740.36,1740.0,1567.8,1699.98,1700.0,1737.21,1742.0,1748.5,1749.8,1750.0,1754.0,1754.32,100.0,100.0,100.0,100.0,1000.0,200.0,1800.0,200.0,100.0,5100.0,100.0,100.0,100.0,200.0,200.0,100.0,100.0,100.0,100.0,100.0
2023-03-20 09:15:10,600519.0,1916.2,1915.99,1794.26,1745.0,1744.0,1743.0,1742.0,1741.8,1740.36,1740.0,1567.8,1699.98,1700.0,1737.21,1742.0,1748.5,1749.8,1750.0,1754.0,1754.32,100.0,100.0,100.0,100.0,1000.0,200.0,2000.0,200.0,100.0,5100.0,100.0,100.0,100.0,200.0,200.0,100.0,100.0,100.0,100.0,100.0
2023-03-20 09:15:11,600519.0,1916.2,1915.99,1829.1,1794.26,1745.0,1744.0,1743.0,1742.0,1741.8,1740.36,1567.8,1654.9,1699.98,1700.0,1737.21,1742.0,1748.5,1749.8,1750.0,1754.0,100.0,100.0,100.0,100.0,100.0,1000.0,200.0,2000.0,200.0,100.0,100.0,100.0,100.0,100.0,200.0,200.0,100.0,100.0,100.0,100.0
2023-03-20 09:15:12,600519.0,1916.2,1915.99,1829.1,1794.26,1745.0,1744.0,1743.0,1742.0,1741.8,1741.0,1567.8,1654.9,1699.98,1700.0,1737.21,1742.0,1748.5,1749.8,1749.88,1750.0,100.0,100.0,100.0,100.0,100.0,1000.0,200.0,8300.0,200.0,3200.0,100.0,100.0,100.0,100.0,200.0,200.0,100.0,100.0,100.0,100.0
2023-03-20 09:15:13,600519.0,1916.2,1915.99,1829.1,1794.26,1745.0,1744.0,1743.0,1742.0,1741.8,1741.0,1567.8,1654.9,1699.98,1700.0,1737.21,1742.0,1748.5,1749.8,1749.88,1750.0,100.0,100.0,100.0,100.0,100.0,1000.0,200.0,8300.0,200.0,3200.0,100.0,100.0,100.0,100.0,200.0,200.0,100.0,100.0,100.0,100.0
2023-03-20 09:15:18,600519.0,1916.2,1915.99,1829.1,1794.26,1745.0,1744.0,1743.0,1742.0,1741.8,1741.0,1567.8,1654.9,1699.98,1700.0,1737.21,1742.0,1748.5,1749.8,1749.88,1750.0,100.0,100.0,100.0,100.0,100.0,1000.0,200.0,8500.0,200.0,3200.0,100.0,100.0,100.0,100.0,200.0,200.0,100.0,100.0,100.0,100.0
2023-03-20 09:15:20,600519.0,1916.2,1915.99,1829.1,1794.26,1745.0,1744.0,1743.0,1742.0,1741.8,1741.0,1567.8,1654.9,1699.98,1700.0,1737.21,1742.0,1748.5,1749.8,1749.88,1750.0,100.0,100.0,100.0,100.0,100.0,1000.0,200.0,8500.0,200.0,3200.0,100.0,100.0,100.0,100.0,200.0,200.0,100.0,100.0,100.0,100.0
2023-03-20 09:15:21,600519.0,1916.2,1915.99,1829.1,1794.26,1745.0,1744.0,1743.0,1742.0,1741.8,1741.0,1567.8,1654.9,1699.98,1700.0,1720.0,1737.21,1742.0,1748.5,1749.8,1749.88,100.0,100.0,100.0,100.0,100.0,1000.0,200.0,8500.0,200.0,3200.0,100.0,100.0,100.0,100.0,700.0,200.0,200.0,100.0,100.0,100.0
2023-03-20 09:15:22,600519.0,1916.2,1915.99,1829.1,1794.26,1745.0,1744.0,1743.0,1742.0,1741.8,1741.0,1567.8,1654.9,1699.98,1700.0,1720.0,1737.21,1742.0,1748.5,1749.8,1749.88,100.0,100.0,200.0,100.0,100.0,1000.0,200.0,8500.0,200.0,3200.0,100.0,100.0,100.0,100.0,700.0,200.0,200.0,100.0,100.0,100.0
2023-03-20 09:15:24,600519.0,1916.2,1915.99,1829.1,1794.26,1745.0,1744.0,1743.0,1742.0,1741.8,1741.0,1567.8,1654.9,1699.98,1700.0,1720.0,1737.21,1742.0,1748.5,1749.8,1749.88,300.0,100.0,200.0,100.0,100.0,1000.0,200.0,8500.0,200.0,3200.0,100.0,100.0,100.0,100.0,700.0,200.0,200.0,100.0,100.0,100.0
2023-03-20 09:15:25,600519.0,1916.2,1915.99,1829.1,1794.26,1745.0,1744.0,1743.0,1742.0,1741.8,1741.0,1567.8,1654.9,1699.98,1700.0,1720.0,1737.21,1742.0,1748.5,1749.8,1749.88,300.0,100.0,200.0,100.0,100.0,1000.0,200.0,8500.0,200.0,3200.0,100.0,100.0,100.0,100.0,700.0,200.0,200.0,100.0,100.0,100.0
2023-03-20 09:15:26,600519.0,1916.2,1915.99,1829.1,1794.26,1745.0,1744.0,1743.0,1742.0,1741.8,1741.0,1567.8,1654.9,1699.98,1700.0,1720.0,1737.21,1742.0,1748.5,1749.8,1749.88,300.0,100.0,200.0,100.0,100.0,1000.0,200.0,8500.0,200.0,3200.0,100.0,100.0,100.0,100.0,700.0,200.0,200.0,100.0,100.0,100.0
2023-03-20 09:15:30,600519.0,1916.2,1915.99,1829.1,1794.26,1745.0,1744.0,1743.0,1742.0,1741.8,1741.0,1567.8,1654.9,1699.98,1700.0,1720.0,1737.21,1742.0,1748.5,1749.8,1749.88,300.0,100.0,200.0,100.0,100.0,1100.0,200.0,8500.0,200.0,3200.0,100.0,100.0,100.0,100.0,700.0,200.0,200.0,100.0,100.0,100.0
2023-03-20 09:15:32,600519.0,1916.2,1915.99,1829.1,1794.26,1745.0,1744.0,1743.0,1742.0,1741.8,1741.0,1567.8,1654.9,1699.98,1700.0,1720.0,1737.21,1742.0,1748.5,1749.8,1749.88,300.0,100.0,200.0,100.0,100.0,1100.0,200.0,8500.0,200.0,3200.0,100.0,200.0,100.0,100.0,700.0,200.0,200.0,100.0,100.0,100.0
2023-03-20 09:15:33,600519.0,1916.2,1915.99,1829.1,1794.26,1745.0,1744.0,1743.0,1742.0,1741.8,1741.0,1567.8,1654.9,1699.98,1700.0,1720.0,1737.21,1742.0,1748.5,1749.8,1749.88,300.0,100.0,200.0,100.0,100.0,1100.0,200.0,8500.0,200.0,3200.0,100.0,200.0,100.0,100.0,700.0,200.0,200.0,100.0,100.0,100.0
2023-03-20 09:15:34,600519.0,1916.2,1915.99,1829.1,1794.26,1745.0,1744.0,1743.0,1742.0,1741.8,1741.0,1567.8,1654.9,1699.98,1700.0,1720.0,1737.21,1742.0,1748.5,1749.8,1749.88,300.0,100.0,200.0,100.0,100.0,1100.0,200.0,8500.0,200.0,3200.0,100.0,300.0,100.0,100.0,700.0,200.0,200.0,100.0,100.0,100.0
2023-03-20 09:15:35,600519.0,1916.2,1915.99,1829.1,1794.26,1745.0,1744.0,1743.0,1742.0,1741.8,1741.0,1567.8,1654.9,1699.98,1700.0,1720.0,1737.21,1742.0,1748.5,1749.8,1749.88,300.0,100.0,200.0,100.0,100.0,1100.0,200.0,8500.0,200.0,3200.0,100.0,300.0,100.0,100.0,700.0,200.0,200.0,100.0,100.0,100.0
2023-03-20 09:15:41,600519.0,1916.2,1915.99,1829.1,1794.26,1745.0,1744.0,1743.0,1742.0,1741.8,1741.0,1567.8,1654.9,1699.98,1700.0,1720.0,1737.21,1742.0,1748.5,1749.8,1749.88,300.0,100.0,300.0,100.0,100.0,1100.0,200.0,8500.0,200.0,3200.0,100.0,300.0,100.0,100.0,700.0,200.0,200.0,100.0,100.0,100.0
2023-03-20 09:15:42,600519.0,1916.2,1915.99,1829.1,1794.26,1750.0,1745.0,1744.0,1743.0,1742.0,1741.8,1567.8,1654.9,1699.98,1700.0,1720.0,1737.21,1742.0,1748.5,1749.8,1749.88,300.0,100.0,300.0,100.0,400.0,100.0,1100.0,200.0,8500.0,200.0,100.0,300.0,100.0,100.0,700.0,200.0,200.0,100.0,100.0,100.0
2023-03-20 09:15:47,600519.0,1916.2,1915.99,1829.1,1794.26,1750.0,1745.0,1744.0,1743.0,1742.0,1741.8,1567.8,1654.9,1699.98,1700.0,1720.0,1737.21,1742.0,1748.5,1749.8,1749.88,300.0,100.0,300.0,1000.0,400.0,100.0,1100.0,200.0,8500.0,200.0,100.0,300.0,100.0,100.0,700.0,200.0,200.0,100.0,100.0,100.0
2023-03-20 09:15:48,600519.0,1916.2,1915.99,1829.1,1794.26,1750.0,1745.0,1744.0,1743.0,1742.0,1741.8,1567.8,1654.9,1699.98,1700.0,1720.0,1737.21,1742.0,1748.5,1749.8,1749.88,300.0,100.0,300.0,1000.0,400.0,100.0,1100.0,200.0,8500.0,200.0,100.0,300.0,100.0,100.0,700.0,200.0,200.0,100.0,100.0,100.0
2023-03-20 09:15:49,600519.0,1916.2,1915.99,1829.1,1794.26,1750.0,1745.0,1744.0,1743.0,1742.0,1741.8,1567.8,1654.9,1699.98,1700.0,1720.0,1737.21,1742.0,1748.5,1749.8,1749.88,300.0,100.0,300.0,1000.0,400.0,100.0,1100.0,200.0,8500.0,200.0,100.0,300.0,100.0,100.0,700.0,200.0,200.0,100.0,100.0,100.0
2023-03-20 09:15:51,600519.0,1916.2,1915.99,1829.1,1794.26,1745.0,1744.0,1743.0,1742.0,1741.8,1741.0,1567.8,1654.9,1699.98,1700.0,1720.0,1737.21,1742.0,1748.5,1749.8,1749.88,400.0,100.0,300.0,1000.0,100.0,1100.0,200.0,8500.0,200.0,3200.0,100.0,300.0,100.0,100.0,700.0,200.0,200.0,100.0,100.0,100.0
2023-03-20 09:15:54,600519.0,1916.2,1915.99,1829.1,1794.26,1745.0,1744.0,1743.0,1742.0,1741.8,1741.0,1567.8,1654.9,1699.98,1700.0,1720.0,1737.21,1742.0,1748.5,1749.8,1749.88,300.0,100.0,300.0,1000.0,100.0,1100.0,200.0,8500.0,200.0,3200.0,100.0,300.0,100.0,100.0,700.0,200.0,200.0,100.0,100.0,100.0
2023-03-20 09:15:56,600519.0,1916.2,1915.99,1829.1,1794.26,1745.0,1744.0,1743.0,1742.0,1741.8,1741.0,1567.8,1654.9,1699.98,1700.0,1720.0,1737.21,1742.0,1748.5,1749.8,1749.88,300.0,100.0,300.0,1000.0,100.0,1100.0,200.0,8500.0,200.0,3200.0,100.0,300.0,100.0,100.0,700.0,200.0,200.0,100.0,100.0,100.0
2023-03-20 09:16:00,600519.0,1916.2,1915.99,1829.1,1794.26,1745.0,1744.0,1743.0,1742.0,1741.8,1741.0,1567.8,1654.9,1699.98,1700.0,1720.0,1737.21,1742.0,1748.5,1749.8,1749.88,300.0,100.0,300.0,1000.0,100.0,1100.0,200.0,8500.0,200.0,3200.0,100.0,300.0,100.0,100.0,700.0,200.0,200.0,100.0,100.0,100.0
2023-03-20 09:16:01,600519.0,1916.2,1915.99,1829.1,1794.26,1745.0,1744.0,1743.0,1742.0,1741.8,1741.0,1567.8,1654.9,1699.98,1700.0,1720.0,1737.21,1742.0,1748.5,1749.8,1749.88,300.0,100.0,300.0,1000.0,100.0,1100.0,200.0,8500.0,200.0,3200.0,100.0,300.0,100.0,100.0,700.0,200.0,200.0,100.0,100.0,100.0
2023-03-20 09:16:03,600519.0,1916.2,1915.99,1829.1,1794.26,1745.0,1744.0,1743.0,1742.0,1741.8,1741.0,1567.8,1654.9,1699.98,1700.0,1720.0,1737.21,1742.0,1748.5,1749.8,1749.88,300.0,100.0,300.0,1000.0,100.0,1100.0,200.0,8500.0,200.0,3200.0,100.0,300.0,100.0,100.0,700.0,200.0,200.0,100.0,100.0,100.0
2023-03-20 09:16:07,600519.0,1916.2,1915.99,1829.1,1794.26,1745.0,1744.0,1743.0,1742.0,1741.8,1741.0,1567.8,1654.9,1699.98,1700.0,1720.0,1737.21,1742.0,1748.5,1749.8,1749.88,300.0,100.0,300.0,1000.0,100.0,1100.0,200.0,8500.0,200.0,3200.0,100.0,300.0,100.0,100.0,700.0,200.0,200.0,100.0,100.0,100.0
2023-03-20 09:16:08,600519.0,1916.2,1915.99,1829.1,1794.26,1745.0,1744.0,1743.0,1742.0,1741.8,1741.0,1567.8,1654.9,1699.98,1700.0,1720.0,1737.21,1742.0,1748.5,1749.8,1749.88,300.0,100.0,300.0,1000.0,100.0,1100.0,200.0,8500.0,200.0,3200.0,100.0,300.0,100.0,100.0,700.0,200.0,200.0,100.0,100.0,100.0
2023-03-20 09:16:09,600519.0,1916.2,1915.99,1829.1,1794.26,1745.0,1744.0,1743.0,1742.0,1741.8,1741.0,1567.8,1654.9,1699.98,1700.0,1720.0,1737.21,1742.0,1748.5,1749.8,1749.88,300.0,100.0,300.0,1000.0,100.0,1100.0,200.0,8500.0,200.0,3200.0,100.0,300.0,100.0,100.0,700.0,200.0,200.0,100.0,100.0,100.0
2023-03-20 09:16:18,600519.0,1916.2,1915.99,1829.1,1794.26,1745.0,1744.0,1743.0,1742.0,1741.8,1741.0,1567.8,1654.9,1699.98,1700.0,1720.0,1737.21,1742.0,1748.5,1749.8,1749.88,300.0,100.0,300.0,1000.0,100.0,1100.0,200.0,8500.0,200.0,3200.0,100.0,300.0,100.0,100.0,700.0,200.0,200.0,100.0,100.0,100.0
2023-03-20 09:16:19,600519.0,1916.2,1915.99,1829.1,1794.26,1745.0,1744.0,1743.0,1742.0,1741.8,1741.0,1567.8,1654.9,1699.98,1700.0,1720.0,1737.21,1742.0,1748.5,1749.8,1749.88,300.0,100.0,300.0,1000.0,100.0,1100.0,200.0,8500.0,200.0,3200.0,100.0,300.0,100.0,100.0,700.0,200.0,200.0,100.0,100.0,100.0
2023-03-20 09:16:22,600519.0,1916.2,1915.99,1829.1,1794.26,1745.0,1744.0,1743.0,1742.0,1741.8,1741.0,1567.8,1654.9,1699.98,1700.0,1720.0,1737.21,1742.0,1748.5,1749.8,1749.88,300.0,100.0,4000.0,1000.0,100.0,1100.0,200.0,8500.0,200.0,3200.0,100.0,300.0,100.0,49677.0,700.0,200.0,200.0,100.0,100.0,100.0
2023-03-20 09:16:23,600519.0,1916.2,1915.99,1829.1,1794.26,1745.0,1744.0,1743.0,1742.0,1741.8,1741.0,1567.8,1654.9,1699.98,1700.0,1720.0,1737.21,1742.0,1748.5,1749.8,1749.88,300.0,100.0,4000.0,1000.0,100.0,1100.0,200.0,8500.0,200.0,3200.0,100.0,300.0,100.0,49677.0,700.0,200.0,200.0,100.0,100.0,100.0
2023-03-20 09:16:24,600519.0,1916.2,1915.99,1829.1,1794.26,1745.0,1744.0,1743.0,1742.0,1741.8,1741.0,1567.8,1654.9,1699.98,1700.0,1720.0,1737.21,1742.0,1748.5,1749.8,1749.88,1700.0,100.0,4000.0,1000.0,100.0,1100.0,200.0,8500.0,200.0,3200.0,100.0,300.0,100.0,49677.0,700.0,200.0,200.0,100.0,100.0,100.0
2023-03-20 09:16:29,600519.0,1916.2,1915.99,1829.1,1794.26,1745.0,1744.0,1743.0,1742.0,1741.8,1741.0,1567.8,1654.9,1699.98,1700.0,1720.0,1737.21,1742.0,1748.5,1749.8,1749.88,1700.0,100.0,4000.0,1000.0,100.0,1100.0,200.0,8500.0,200.0,3200.0,100.0,300.0,100.0,49677.0,700.0,200.0,200.0,100.0,100.0,100.0
2023-03-20 09:16:30,600519.0,1916.2,1915.99,1829.1,1794.26,1745.0,1744.0,1743.0,1742.0,1741.8,1741.0,1567.8,1654.9,1699.98,1700.0,1720.0,1737.21,1742.0,1748.5,1749.8,1749.88,1700.0,100.0,4000.0,1000.0,100.0,1100.0,200.0,8500.0,200.0,3200.0,100.0,300.0,100.0,49677.0,700.0,200.0,200.0,100.0,100.0,100.0
2023-03-20 09:16:31,600519.0,1916.2,1915.99,1829.1,1794.26,1745.0,1744.0,1743.0,1742.0,1741.8,1741.0,1567.8,1654.9,1699.98,1700.0,1720.0,1737.21,1742.0,1748.5,1749.8,1749.88,1700.0,100.0,4000.0,1000.0,100.0,1100.0,200.0,8500.0,200.0,3200.0,100.0,300.0,100.0,49677.0,700.0,200.0,200.0,100.0,100.0,100.0
2023-03-20 09:16:32,600519.0,1916.2,1915.99,1829.1,1794.26,1745.0,1744.0,1743.0,1742.0,1741.8,1741.0,1567.8,1654.9,1699.98,1700.0,1720.0,1737.21,1742.0,1748.5,1749.8,1749.88,1700.0,100.0,4000.0,1000.0,100.0,1100.0,200.0,8500.0,200.0,3200.0,100.0,300.0,100.0,49677.0,700.0,200.0,200.0,100.0,100.0,100.0
2023-03-20 09:16:33,600519.0,1916.2,1915.99,1829.1,1794.26,1745.0,1744.0,1743.0,1742.0,1741.8,1741.0,1567.8,1654.9,1699.98,1700.0,1737.21,1742.0,1748.5,1749.8,1749.88,1750.0,1700.0,100.0,4000.0,1000.0,100.0,1100.0,200.0,8500.0,200.0,3200.0,100.0,300.0,100.0,49677.0,200.0,200.0,100.0,100.0,100.0,100.0
2023-03-20 09:16:34,600519.0,1916.2,1915.99,1829.1,1794.26,1745.0,1744.0,1743.0,1742.0,1741.8,1741.0,1567.8,1654.9,1699.98,1700.0,1737.21,1742.0,1748.5,1749.8,1749.88,1750.0,1700.0,100.0,4000.0,1000.0,100.0,1100.0,200.0,8500.0,200.0,3200.0,100.0,300.0,100.0,49677.0,200.0,200.0,100.0,100.0,100.0,100.0
2023-03-20 09:16:37,600519.0,1916.2,1915.99,1829.1,1794.26,1745.0,1744.0,1743.0,1742.0,1741.8,1741.0,1567.8,1654.9,1699.98,1700.0,1737.21,1742.0,1748.5,1749.8,1749.88,1750.0,1700.0,100.0,4000.0,1000.0,100.0,1100.0,200.0,8500.0,200.0,3200.0,100.0,300.0,100.0,49677.0,200.0,200.0,100.0,100.0,100.0,100.0
2023-03-20 09:16:39,600519.0,1916.2,1915.99,1829.1,1794.26,1745.0,1744.0,1743.0,1742.0,1741.8,1741.0,1567.8,1654.9,1699.98,1700.0,1737.21,1742.0,1748.5,1749.8,1749.88,1750.0,1700.0,100.0,4000.0,1000.0,100.0,1100.0,200.0,8500.0,200.0,3200.0,100.0,300.0,100.0,49677.0,200.0,200.0,100.0,100.0,100.0,100.0
2023-03-20 09:16:41,600519.0,1916.2,1915.99,1829.1,1794.26,1745.0,1744.0,1743.0,1742.0,1741.8,1741.0,1567.8,1654.9,1699.98,1700.0,1737.21,1742.0,1748.5,1749.8,1749.88,1750.0,1700.0,100.0,4000.0,1000.0,100.0,1100.0,200.0,8500.0,200.0,3200.0,100.0,400.0,100.0,49677.0,200.0,200.0,100.0,100.0,100.0,100.0
2023-03-20 09:16:42,600519.0,1916.2,1915.99,1829.1,1794.26,1745.0,1744.0,1743.0,1742.0,1741.8,1741.0,1567.8,1654.9,1699.98,1700.0,1737.21,1742.0,1748.5,1749.8,1749.88,1750.0,1700.0,100.0,4000.0,1000.0,100.0,1100.0,200.0,8500.0,200.0,3200.0,100.0,400.0,100.0,49677.0,200.0,200.0,100.0,100.0,100.0,100.0
2023-03-20 09:16:43,600519.0,1916.2,1915.99,1829.1,1794.26,1748.0,1745.0,1744.0,1743.0,1742.0,1741.8,1567.8,1654.9,1699.98,1700.0,1737.21,1742.0,1748.5,1749.8,1749.88,1750.0,1700.0,100.0,4000.0,1000.0,100.0,100.0,1100.0,200.0,8500.0,200.0,100.0,400.0,100.0,49677.0,200.0,200.0,100.0,100.0,100.0,100.0
2023-03-20 09:16:44,600519.0,1916.2,1915.99,1829.1,1794.26,1748.0,1745.0,1744.0,1743.0,1742.0,1741.8,1567.8,1654.9,1699.98,1700.0,1737.21,1742.0,1748.5,1749.8,1749.88,1750.0,1700.0,100.0,4000.0,1000.0,100.0,100.0,1100.0,200.0,8500.0,200.0,100.0,400.0,100.0,49677.0,200.0,200.0,100.0,100.0,100.0,100.0
2023-03-20 09:16:47,600519.0,1916.2,1915.99,1829.1,1794.26,1748.0,1745.0,1744.0,1743.0,1742.0,1741.8,1567.8,1654.9,1699.98,1700.0,1737.21,1742.0,1748.5,1749.8,1749.88,1750.0,1700.0,100.0,4000.0,1000.0,100.0,100.0,1100.0,200.0,8500.0,200.0,100.0,400.0,100.0,100.0,200.0,200.0,100.0,100.0,100.0,100.0
2023-03-20 09:16:48,600519.0,1916.2,1915.99,1829.1,1794.26,1748.0,1745.0,1744.0,1743.0,1742.0,1741.8,1567.8,1654.9,1699.98,1700.0,1737.21,1742.0,1748.5,1749.8,1749.88,1750.0,1700.0,100.0,4000.0,1000.0,100.0,100.0,1100.0,200.0,8400.0,200.0,100.0,400.0,100.0,100.0,200.0,200.0,100.0,100.0,100.0,100.0
2023-03-20 09:16:49,600519.0,1916.2,1915.99,1829.1,1794.26,1748.0,1745.0,1744.0,1743.0,1742.0,1741.8,1567.8,1654.9,1699.98,1700.0,1737.21,1742.0,1748.5,1749.8,1749.88,1750.0,1700.0,100.0,4000.0,1000.0,100.0,100.0,1100.0,200.0,8400.0,200.0,100.0,400.0,100.0,100.0,200.0,200.0,100.0,100.0,100.0,100.0
2023-03-20 09:16:53,600519.0,1916.2,1915.99,1829.1,1794.26,1748.0,1745.0,1744.0,1743.0,1742.0,1741.8,1567.8,1654.9,1699.98,1700.0,1737.21,1742.0,1748.5,1749.8,1749.88,1750.0,1700.0,100.0,1000.0,1000.0,100.0,100.0,1100.0,200.0,8400.0,200.0,100.0,400.0,100.0,100.0,200.0,200.0,100.0,100.0,100.0,100.0
2023-03-20 09:16:54,600519.0,1916.2,1915.99,1829.1,1794.26,1748.0,1745.0,1744.0,1743.0,1742.0,1741.8,1567.8,1654.9,1699.98,1700.0,1737.21,1742.0,1748.5,1749.8,1749.88,1750.0,1700.0,100.0,1000.0,1000.0,100.0,100.0,1100.0,200.0,8400.0,200.0,100.0,400.0,100.0,100.0,200.0,200.0,100.0,100.0,100.0,100.0
2023-03-20 09:16:56,600519.0,1916.2,1915.99,1829.1,1794.26,1748.0,1745.0,1744.0,1743.0,1742.0,1741.8,1567.8,1654.9,1699.98,1700.0,1737.21,1742.0,1748.5,1749.8,1749.88,1750.0,1700.0,100.0,1000.0,1000.0,100.0,100.0,1100.0,200.0,8400.0,200.0,100.0,400.0,100.0,100.0,200.0,200.0,100.0,100.0,100.0,100.0
2023-03-20 09:16:57,600519.0,1916.2,1915.99,1829.1,1794.26,1748.0,1745.0,1744.0,1743.0,1742.0,1741.8,1567.8,1654.9,1699.98,1700.0,1737.21,1742.0,1748.5,1749.8,1749.88,1750.0,900.0,100.0,1000.0,1000.0,100.0,100.0,1100.0,200.0,8400.0,200.0,100.0,400.0,100.0,100.0,200.0,200.0,100.0,100.0,100.0,100.0
2023-03-20 09:16:58,600519.0,1916.2,1915.99,1829.1,1794.26,1748.0,1745.0,1744.0,1743.0,1742.0,1741.8,1567.8,1654.9,1699.98,1700.0,1730.0,1737.21,1742.0,1748.5,1749.8,1749.88,900.0,100.0,1000.0,1000.0,100.0,100.0,1100.0,200.0,8400.0,200.0,100.0,400.0,100.0,100.0,100.0,200.0,200.0,100.0,100.0,100.0
2023-03-20 09:17:00,600519.0,1916.2,1915.99,1829.1,1794.26,1748.0,1745.0,1744.0,1743.0,1742.0,1741.8,1567.8,1654.9,1699.98,1700.0,1730.0,1737.21,1742.0,1748.5,1749.8,1749.88,700.0,100.0,1000.0,1000.0,100.0,100.0,1100.0,200.0,8400.0,200.0,100.0,400.0,100.0,100.0,100.0,200.0,200.0,100.0,100.0,100.0
2023-03-20 09:17:03,600519.0,1916.2,1915.99,1829.1,1794.26,1748.0,1745.0,1744.0,1743.0,1742.0,1741.8,1567.8,1654.9,1699.98,1700.0,1730.0,1737.21,1742.0,1748.5,1749.8,1749.88,700.0,100.0,1000.0,1000.0,100.0,100.0,1100.0,200.0,8400.0,200.0,100.0,400.0,100.0,100.0,100.0,200.0,200.0,100.0,100.0,100.0
2023-03-20 09:17:06,600519.0,1916.2,1915.99,1829.1,1794.26,1748.0,1745.0,1744.0,1743.0,1742.0,1741.8,1567.8,1654.9,1699.98,1700.0,1730.0,1737.21,1742.0,1748.5,1749.8,1749.88,500.0,100.0,1000.0,1000.0,100.0,100.0,1100.0,200.0,8400.0,200.0,100.0,400.0,100.0,100.0,100.0,200.0,200.0,100.0,100.0,100.0
2023-03-20 09:17:07,600519.0,1916.2,1915.99,1829.1,1794.26,1748.0,1745.0,1744.0,1743.0,1742.0,1741.8,1567.8,1654.9,1699.98,1700.0,1730.0,1737.21,1742.0,1748.5,1749.8,1749.88,500.0,100.0,1000.0,1000.0,100.0,100.0,1100.0,200.0,8400.0,200.0,100.0,400.0,100.0,100.0,100.0,200.0,200.0,100.0,100.0,100.0
2023-03-20 09:17:08,600519.0,1916.2,1915.99,1829.1,1794.26,1748.0,1745.0,1744.0,1743.0,1742.0,1741.8,1567.8,1654.9,1699.98,1730.0,1737.21,1742.0,1748.5,1749.8,1749.88,1750.0,500.0,100.0,1000.0,1000.0,100.0,100.0,1100.0,200.0,8400.0,200.0,100.0,400.0,100.0,100.0,200.0,200.0,100.0,100.0,100.0,100.0
2023-03-20 09:17:09,600519.0,1916.2,1915.99,1829.1,1794.26,1748.0,1745.0,1744.0,1743.0,1742.0,1741.8,1567.8,1654.9,1699.98,1730.0,1737.21,1742.0,1748.5,1749.8,1749.88,1750.0,500.0,100.0,1000.0,1000.0,100.0,100.0,1100.0,200.0,8400.0,200.0,100.0,400.0,100.0,100.0,200.0,200.0,100.0,100.0,100.0,100.0
2023-03-20 09:17:14,600519.0,1916.2,1915.99,1829.1,1794.26,1748.0,1745.0,1744.0,1743.0,1742.0,1741.8,1567.8,1654.9,1699.98,1730.0,1737.21,1742.0,1748.5,1749.8,1749.88,1750.0,500.0,100.0,1000.0,1000.0,100.0,100.0,1100.0,200.0,8400.0,200.0,100.0,400.0,100.0,100.0,200.0,200.0,100.0,100.0,100.0,100.0
2023-03-20 09:17:15,600519.0,1916.2,1915.99,1829.1,1794.26,1748.0,1745.0,1744.0,1743.0,1742.0,1741.8,1567.8,1654.9,1699.98,1730.0,1737.21,1742.0,1748.5,1749.8,1749.88,1750.0,500.0,100.0,1000.0,1000.0,100.0,100.0,1100.0,200.0,8400.0,200.0,100.0,400.0,100.0,100.0,200.0,200.0,100.0,100.0,100.0,100.0
2023-03-20 09:17:16,600519.0,1916.2,1915.99,1829.1,1794.26,1748.0,1745.0,1744.0,1743.0,1742.0,1741.8,1567.8,1654.9,1699.98,1730.0,1737.21,1742.0,1748.5,1749.8,1749.88,1750.0,500.0,100.0,1000.0,1000.0,100.0,100.0,1100.0,200.0,8400.0,200.0,100.0,400.0,100.0,100.0,200.0,200.0,100.0,100.0,100.0,100.0
2023-03-20 09:17:17,600519.0,1916.2,1915.99,1829.1,1794.26,1748.0,1745.0,1744.0,1743.0,1742.0,1741.8,1567.8,1654.9,1699.98,1730.0,1737.21,1742.0,1748.5,1749.8,1749.88,1750.0,500.0,100.0,1000.0,1000.0,100.0,100.0,1100.0,200.0,8400.0,200.0,100.0,400.0,100.0,100.0,200.0,200.0,100.0,100.0,100.0,100.0
2023-03-20 09:17:18,600519.0,1916.2,1915.99,1829.1,1794.26,1748.0,1745.0,1744.0,1743.0,1742.0,1741.8,1567.8,1654.9,1699.98,1730.0,1737.21,1742.0,1748.5,1749.8,1749.88,1750.0,500.0,100.0,1000.0,1000.0,100.0,100.0,1100.0,200.0,8400.0,200.0,100.0,400.0,100.0,100.0,200.0,200.0,100.0,100.0,100.0,100.0
2023-03-20 09:17:19,600519.0,1916.2,1915.99,1829.1,1794.26,1748.0,1745.0,1744.0,1743.0,1742.0,1741.8,1567.8,1654.9,1699.98,1730.0,1737.21,1742.0,1748.5,1749.8,1749.88,1750.0,500.0,100.0,1000.0,1000.0,100.0,100.0,1100.0,200.0,8400.0,200.0,100.0,400.0,100.0,100.0,200.0,200.0,100.0,100.0,100.0,100.0
2023-03-20 09:17:20,600519.0,1916.2,1915.99,1829.1,1794.26,1748.0,1745.0,1744.0,1743.0,1742.0,1741.8,1567.8,1654.9,1699.98,1730.0,1737.21,1742.0,1748.5,1749.8,1749.88,1750.0,500.0,100.0,1000.0,1000.0,100.0,100.0,1100.0,200.0,8400.0,200.0,100.0,400.0,100.0,100.0,200.0,200.0,100.0,100.0,100.0,100.0
2023-03-20 09:17:21,600519.0,1916.2,1915.99,1829.1,1794.26,1748.0,1745.0,1744.0,1743.0,1742.0,1741.8,1567.8,1654.9,1699.98,1730.0,1737.21,1742.0,1748.5,1749.8,1749.88,1750.0,500.0,100.0,1000.0,1000.0,100.0,200.0,1100.0,200.0,8400.0,200.0,100.0,400.0,100.0,100.0,200.0,200.0,100.0,100.0,100.0,100.0
2023-03-20 09:17:23,600519.0,1916.2,1915.99,1829.1,1794.26,1748.0,1745.0,1744.0,1743.0,1742.0,1741.8,1567.8,1654.9,1699.98,1730.0,1737.21,1742.0,1748.5,1749.8,1749.88,1750.0,500.0,100.0,1000.0,1000.0,100.0,200.0,1100.0,200.0,8400.0,200.0,100.0,400.0,100.0,100.0,200.0,200.0,100.0,100.0,100.0,100.0
2023-03-20 09:17:25,600519.0,1916.2,1915.99,1829.1,1794.26,1748.0,1745.0,1744.0,1743.0,1742.0,1741.8,1567.8,1654.9,1699.98,1730.0,1737.21,1742.0,1748.5,1749.8,1749.88,1750.0,500.0,100.0,1000.0,1000.0,100.0,200.0,1100.0,200.0,8400.0,200.0,100.0,400.0,100.0,100.0,200.0,200.0,100.0,100.0,100.0,100.0
2023-03-20 09:17:26,600519.0,1916.2,1915.99,1829.1,1794.26,1748.0,1745.0,1744.0,1743.0,1742.0,1741.8,1567.8,1654.9,1699.98,1730.0,1737.21,1742.0,1748.5,1749.8,1749.88,1750.0,500.0,100.0,1000.0,1000.0,100.0,200.0,1100.0,200.0,8400.0,200.0,100.0,400.0,100.0,100.0,200.0,200.0,100.0,100.0,100.0,100.0
2023-03-20 09:17:27,600519.0,1916.2,1915.99,1829.1,1794.26,1748.0,1745.0,1744.0,1743.0,1742.0,1741.8,1567.8,1654.9,1699.98,1730.0,1737.21,1742.0,1748.5,1749.8,1749.88,1750.0,500.0,100.0,1000.0,1000.0,100.0,200.0,1100.0,200.0,8200.0,200.0,100.0,400.0,100.0,100.0,200.0,200.0,100.0,100.0,100.0,100.0
2023-03-20 09:17:29,600519.0,1916.2,1915.99,1829.1,1794.26,1748.0,1745.0,1744.0,1743.0,1742.0,1741.8,1567.8,1654.9,1699.98,1730.0,1737.21,1742.0,1748.5,1749.8,1749.88,1750.0,500.0,100.0,1000.0,1000.0,100.0,200.0,1100.0,200.0,8200.0,200.0,100.0,400.0,100.0,100.0,200.0,200.0,100.0,100.0,100.0,100.0
2023-03-20 09:17:30,600519.0,1916.2,1915.99,1829.1,1794.26,1748.0,1745.0,1744.0,1743.0,1742.0,1741.8,1567.8,1654.9,1699.98,1730.0,1737.21,1742.0,1748.5,1749.8,1749.88,1750.0,500.0,100.0,1000.0,1000.0,100.0,200.0,1100.0,200.0,8200.0,200.0,100.0,400.0,100.0,100.0,200.0,200.0,100.0,100.0,100.0,100.0
2023-03-20 09:17:32,600519.0,1916.2,1915.99,1829.1,1794.26,1748.0,1745.0,1744.0,1743.0,1742.0,1741.8,1567.8,1654.9,1699.98,1730.0,1737.21,1742.0,1748.5,1749.8,1749.88,1750.0,500.0,100.0,1000.0,1000.0,100.0,200.0,1100.0,200.0,8200.0,200.0,100.0,400.0,100.0,100.0,200.0,200.0,100.0,100.0,100.0,100.0
2023-03-20 09:17:33,600519.0,1916.2,1915.99,1829.1,1794.26,1748.0,1745.0,1744.0,1743.0,1742.0,1741.8,1567.8,1654.9,1699.98,1730.0,1737.21,1742.0,1748.5,1749.8,1749.88,1750.0,500.0,100.0,1000.0,1000.0,100.0,200.0,1100.0,200.0,8200.0,200.0,100.0,400.0,100.0,100.0,200.0,200.0,100.0,100.0,100.0,100.0
2023-03-20 09:17:34,600519.0,1916.2,1915.99,1829.1,1794.26,1748.0,1745.0,1744.0,1743.0,1742.0,1741.8,1567.8,1654.9,1699.98,1730.0,1737.21,1742.0,1748.5,1749.8,1749.88,1750.0,500.0,100.0,1000.0,1000.0,100.0,200.0,1100.0,200.0,8200.0,200.0,100.0,400.0,100.0,100.0,200.0,200.0,100.0,100.0,100.0,100.0
2023-03-20 09:17:36,600519.0,1916.2,1915.99,1829.1,1794.26,1748.0,1745.0,1744.0,1743.0,1742.0,1741.8,1567.8,1654.9,1699.98,1730.0,1737.21,1742.0,1748.5,1749.8,1749.88,1750.0,500.0,100.0,1000.0,1000.0,100.0,200.0,1100.0,200.0,8200.0,200.0,100.0,400.0,100.0,100.0,200.0,200.0,100.0,100.0,100.0,100.0
2023-03-20 09:17:37,600519.0,1916.2,1915.99,1829.1,1794.26,1748.0,1745.0,1744.0,1743.0,1742.0,1741.8,1567.8,1654.9,1699.98,1730.0,1737.21,1742.0,1748.5,1749.8,1749.88,1750.0,500.0,100.0,1000.0,1000.0,100.0,200.0,1100.0,200.0,8200.0,200.0,100.0,400.0,100.0,100.0,200.0,200.0,100.0,100.0,100.0,100.0
2023-03-20 09:17:38,600519.0,1916.2,1915.99,1829.1,1794.26,1758.0,1748.0,1745.0,1744.0,1743.0,1742.0,1567.8,1654.9,1699.98,1730.0,1737.21,1742.0,1748.5,1749.8,1749.88,1750.0,500.0,100.0,1000.0,1000.0,100.0,100.0,200.0,1100.0,200.0,8200.0,100.0,400.0,100.0,100.0,200.0,200.0,100.0,100.0,100.0,100.0
2023-03-20 09:17:39,600519.0,1916.2,1915.99,1829.1,1794.26,1758.0,1748.0,1745.0,1744.0,1743.0,1742.0,1567.8,1654.9,1699.98,1730.0,1737.21,1742.0,1748.5,1749.8,1749.88,1750.0,500.0,100.0,1000.0,1000.0,100.0,100.0,200.0,1100.0,200.0,8200.0,100.0,400.0,100.0,100.0,200.0,200.0,100.0,100.0,100.0,100.0
2023-03-20 09:17:40,600519.0,1916.2,1915.99,1829.1,1794.26,1758.0,1748.0,1745.0,1744.0,1743.0,1742.0,1567.8,1654.9,1699.98,1730.0,1737.21,1742.0,1748.5,1749.8,1749.88,1750.0,500.0,100.0,1000.0,1000.0,100.0,100.0,200.0,1100.0,200.0,8200.0,100.0,400.0,100.0,100.0,200.0,200.0,100.0,100.0,100.0,100.0
2023-03-20 09:17:42,600519.0,1916.2,1915.99,1829.1,1794.26,1758.0,1748.0,1745.0,1744.0,1743.0,1742.0,1567.8,1654.9,1699.98,1730.0,1737.21,1742.0,1748.5,1749.8,1749.88,1750.0,500.0,100.0,1000.0,1000.0,100.0,100.0,200.0,1100.0,200.0,8200.0,100.0,400.0,100.0,100.0,200.0,200.0,100.0,100.0,100.0,100.0
2023-03-20 09:17:43,600519.0,1916.2,1915.99,1829.1,1794.26,1758.0,1748.0,1745.0,1744.0,1743.0,1742.0,1567.8,1654.9,1699.98,1730.0,1737.21,1742.0,1748.5,1749.8,1749.88,1750.0,500.0,100.0,1000.0,1000.0,100.0,100.0,200.0,1100.0,200.0,8200.0,100.0,400.0,100.0,100.0,200.0,200.0,100.0,100.0,100.0,100.0
2023-03-20 09:17:44,600519.0,1916.2,1915.99,1829.1,1794.26,1758.0,1748.0,1745.0,1744.0,1743.0,1742.0,1567.8,1654.9,1699.98,1730.0,1737.21,1742.0,1748.5,1749.8,1749.88,1750.0,500.0,100.0,1000.0,1000.0,100.0,100.0,200.0,1100.0,200.0,8200.0,100.0,400.0,100.0,100.0,200.0,200.0,100.0,100.0,100.0,100.0
2023-03-20 09:17:45,600519.0,1916.2,1915.99,1829.1,1794.26,1758.0,1748.0,1745.0,1744.0,1743.0,1742.0,1567.8,1654.9,1699.98,1730.0,1737.21,1742.0,1748.5,1749.8,1749.88,1750.0,500.0,100.0,1000.0,1000.0,100.0,100.0,200.0,1100.0,200.0,8200.0,100.0,400.0,100.0,100.0,200.0,200.0,100.0,100.0,100.0,100.0
2023-03-20 09:17:46,600519.0,1916.2,1915.99,1829.1,1794.26,1758.0,1748.0,1745.0,1744.0,1743.0,1742.0,1567.8,1654.9,1699.98,1730.0,1737.21,1742.0,1748.5,1749.8,1749.88,1750.0,500.0,100.0,1000.0,1000.0,100.0,100.0,200.0,1100.0,200.0,8200.0,100.0,400.0,100.0,100.0,200.0,200.0,100.0,100.0,100.0,100.0
2023-03-20 09:17:47,600519.0,1916.2,1915.99,1829.1,1794.26,1758.0,1748.0,1745.0,1744.0,1743.0,1742.0,1567.8,1654.9,1699.98,1730.0,1737.21,1742.0,1748.5,1749.8,1749.88,1750.0,500.0,100.0,1000.0,1000.0,100.0,100.0,200.0,1100.0,200.0,8200.0,100.0,400.0,100.0,100.0,200.0,200.0,100.0,100.0,100.0,100.0
2023-03-20 09:17:48,600519.0,1916.2,1915.99,1829.1,1794.26,1758.0,1748.0,1745.0,1744.0,1743.0,1742.0,1567.8,1654.9,1699.98,1730.0,1737.21,1742.0,1748.5,1749.8,1749.88,1750.0,500.0,100.0,1000.0,1000.0,100.0,100.0,200.0,1100.0,200.0,8200.0,100.0,400.0,100.0,100.0,200.0,200.0,100.0,100.0,100.0,100.0
2023-03-20 09:17:49,600519.0,1916.2,1915.99,1829.1,1794.26,1758.0,1748.0,1745.0,1744.0,1743.0,1742.0,1567.8,1654.9,1699.98,1730.0,1737.21,1742.0,1748.5,1749.8,1749.88,1750.0,500.0,100.0,1000.0,1000.0,100.0,100.0,200.0,1100.0,200.0,8200.0,100.0,400.0,100.0,100.0,200.0,200.0,100.0,100.0,100.0,100.0
2023-03-20 09:17:50,600519.0,1916.2,1915.99,1829.1,1794.26,1758.0,1748.0,1745.0,1744.0,1743.0,1742.0,1567.8,1654.9,1699.98,1730.0,1737.21,1742.0,1748.5,1749.8,1749.88,1750.0,500.0,100.0,1000.0,1000.0,100.0,100.0,200.0,1100.0,200.0,8200.0,100.0,400.0,100.0,100.0,200.0,200.0,100.0,100.0,100.0,100.0
2023-03-20 09:17:51,600519.0,1916.2,1915.99,1829.1,1794.26,1758.0,1748.0,1745.0,1744.0,1743.0,1742.0,1567.8,1654.9,1699.98,1730.0,1737.21,1742.0,1748.5,1749.8,1749.88,1750.0,500.0,100.0,1000.0,1000.0,100.0,100.0,200.0,1100.0,200.0,8200.0,100.0,400.0,100.0,100.0,200.0,200.0,100.0,100.0,100.0,100.0
2023-03-20 09:17:53,600519.0,1916.2,1915.99,1829.1,1794.26,1758.0,1748.0,1745.0,1744.0,1743.0,1742.0,1567.8,1654.9,1699.98,1730.0,1737.21,1742.0,1748.5,1749.8,1749.88,1750.0,500.0,100.0,1000.0,1000.0,100.0,100.0,200.0,1100.0,200.0,8200.0,100.0,400.0,100.0,100.0,200.0,200.0,100.0,100.0,100.0,100.0
2023-03-20 09:17:54,600519.0,1916.2,1915.99,1829.1,1794.26,1758.0,1748.0,1745.0,1744.0,1743.0,1742.0,1567.8,1654.9,1699.98,1730.0,1737.21,1742.0,1748.5,1749.8,1749.88,1750.0,500.0,100.0,1000.0,1000.0,100.0,100.0,200.0,1100.0,200.0,8200.0,100.0,400.0,100.0,100.0,200.0,200.0,100.0,100.0,100.0,100.0
2023-03-20 09:17:55,600519.0,1916.2,1915.99,1829.1,1794.26,1748.0,1745.0,1744.0,1743.0,1742.0,1741.8,1567.8,1654.9,1699.98,1730.0,1737.21,1742.0,1748.5,1749.8,1749.88,1750.0,500.0,100.0,1000.0,1000.0,100.0,200.0,1100.0,200.0,8200.0,200.0,100.0,400.0,100.0,100.0,200.0,200.0,100.0,100.0,100.0,100.0
2023-03-20 09:17:56,600519.0,1916.2,1915.99,1829.1,1794.26,1750.17,1748.0,1745.0,1744.0,1743.0,1742.0,1567.8,1654.9,1699.98,1730.0,1737.21,1742.0,1748.5,1749.8,1749.88,1750.0,500.0,100.0,1000.0,1000.0,100.0,100.0,200.0,1100.0,200.0,8200.0,100.0,400.0,100.0,100.0,200.0,200.0,100.0,100.0,100.0,100.0
2023-03-20 09:17:58,600519.0,1916.2,1915.99,1829.1,1794.26,1750.17,1748.0,1745.0,1744.0,1743.0,1742.0,1567.8,1654.9,1699.98,1730.0,1737.21,1742.0,1748.5,1749.8,1749.88,1750.0,500.0,100.0,1000.0,1000.0,100.0,100.0,200.0,1100.0,200.0,8200.0,100.0,400.0,100.0,100.0,200.0,200.0,100.0,100.0,100.0,100.0
2023-03-20 09:17:59,600519.0,1916.2,1915.99,1829.1,1794.26,1750.17,1748.0,1745.0,1744.0,1743.0,1742.0,1567.8,1654.9,1699.98,1730.0,1737.21,1742.0,1748.5,1749.8,1749.88,1750.0,500.0,100.0,1000.0,1000.0,100.0,100.0,200.0,1100.0,200.0,8200.0,100.0,400.0,100.0,100.0,200.0,200.0,100.0,100.0,100.0,100.0
2023-03-20 09:18:01,600519.0,1916.2,1915.99,1829.1,1794.26,1750.17,1748.0,1745.0,1744.0,1743.0,1742.0,1567.8,1654.9,1699.98,1730.0,1737.21,1742.0,1748.5,1749.8,1749.88,1750.0,500.0,100.0,1000.0,1000.0,100.0,100.0,200.0,1100.0,200.0,8200.0,100.0,400.0,100.0,100.0,200.0,200.0,100.0,100.0,100.0,100.0
2023-03-20 09:18:02,600519.0,1916.2,1915.99,1829.1,1794.26,1750.17,1748.0,1745.0,1744.0,1743.0,1742.0,1567.8,1654.9,1699.98,1730.0,1737.21,1742.0,1748.5,1749.8,1749.88,1750.0,500.0,100.0,1000.0,1000.0,100.0,100.0,200.0,1100.0,200.0,8200.0,100.0,400.0,100.0,100.0,200.0,200.0,100.0,100.0,100.0,100.0
2023-03-20 09:18:03,600519.0,1916.2,1915.99,1829.1,1794.26,1750.17,1748.0,1745.0,1744.0,1743.0,1742.0,1567.8,1654.9,1699.98,1730.0,1737.21,1742.0,1748.5,1749.8,1749.88,1750.0,500.0,100.0,1000.0,1000.0,100.0,100.0,200.0,1100.0,200.0,8200.0,100.0,400.0,100.0,100.0,200.0,200.0,100.0,100.0,100.0,100.0
2023-03-20 09:18:04,600519.0,1916.2,1915.99,1829.1,1794.26,1750.17,1748.0,1745.0,1744.0,1743.0,1742.0,1567.8,1654.9,1699.98,1730.0,1737.21,1742.0,1748.5,1749.8,1749.88,1750.0,500.0,100.0,1000.0,1000.0,100.0,100.0,200.0,1100.0,200.0,8200.0,100.0,400.0,100.0,100.0,200.0,200.0,100.0,100.0,100.0,100.0
2023-03-20 09:18:05,600519.0,1916.2,1915.99,1829.1,1794.26,1750.17,1748.0,1745.0,1744.0,1743.0,1742.0,1567.8,1654.9,1699.98,1730.0,1737.21,1742.0,1748.5,1749.8,1749.88,1750.0,500.0,100.0,1000.0,1000.0,100.0,100.0,200.0,1100.0,200.0,8200.0,100.0,400.0,100.0,100.0,200.0,200.0,100.0,100.0,100.0,100.0
2023-03-20 09:18:08,600519.0,1916.2,1915.99,1829.1,1794.26,1750.17,1748.0,1745.0,1744.0,1743.0,1742.0,1567.8,1654.9,1699.98,1730.0,1737.21,1742.0,1748.5,1749.8,1749.88,1750.0,500.0,100.0,1000.0,1000.0,100.0,100.0,200.0,1100.0,200.0,8200.0,100.0,400.0,100.0,100.0,200.0,200.0,100.0,100.0,100.0,100.0
2023-03-20 09:18:09,600519.0,1916.2,1915.99,1829.1,1794.26,1750.17,1748.0,1745.0,1744.0,1743.0,1742.0,1567.8,1654.9,1699.98,1730.0,1737.21,1742.0,1748.5,1749.8,1749.88,1750.0,500.0,100.0,1000.0,1000.0,100.0,100.0,200.0,1100.0,200.0,8200.0,100.0,400.0,100.0,100.0,200.0,200.0,100.0,100.0,100.0,100.0
2023-03-20 09:18:10,600519.0,1916.2,1915.99,1829.1,1794.26,1750.17,1748.0,1745.0,1744.0,1743.0,1742.0,1567.8,1654.9,1699.98,1730.0,1737.21,1742.0,1748.5,1749.8,1749.88,1750.0,500.0,100.0,1000.0,1000.0,100.0,100.0,200.0,1100.0,200.0,8200.0,100.0,400.0,100.0,100.0,200.0,200.0,100.0,100.0,100.0,100.0
2023-03-20 09:18:11,600519.0,1916.2,1915.99,1829.1,1794.26,1750.17,1748.0,1745.0,1744.0,1743.0,1742.0,1567.8,1654.9,1699.98,1730.0,1737.21,1742.0,1748.5,1749.8,1749.88,1750.0,500.0,100.0,1000.0,1000.0,100.0,100.0,200.0,1100.0,200.0,8200.0,100.0,400.0,100.0,100.0,200.0,200.0,100.0,100.0,100.0,100.0
2023-03-20 09:18:12,600519.0,1916.2,1915.99,1829.1,1794.26,1750.17,1748.0,1745.0,1744.0,1743.0,1742.0,1567.8,1654.9,1699.98,1730.0,1737.21,1742.0,1748.5,1749.8,1749.88,1750.0,500.0,100.0,1000.0,1000.0,100.0,100.0,200.0,1100.0,200.0,8200.0,100.0,400.0,100.0,100.0,200.0,200.0,100.0,100.0,100.0,100.0
2023-03-20 09:18:14,600519.0,1916.2,1915.99,1829.1,1794.26,1750.17,1748.0,1745.0,1744.0,1743.0,1742.0,1567.8,1654.9,1699.98,1730.0,1737.21,1742.0,1748.5,1749.8,1749.88,1750.0,500.0,100.0,1000.0,1000.0,100.0,100.0,200.0,1100.0,200.0,8200.0,100.0,400.0,100.0,100.0,200.0,200.0,100.0,100.0,100.0,100.0
2023-03-20 09:18:15,600519.0,1916.2,1915.99,1829.1,1794.26,1750.17,1748.0,1745.0,1744.0,1743.0,1742.0,1567.8,1654.9,1699.98,1730.0,1737.21,1742.0,1748.5,1749.8,1749.88,1750.0,500.0,100.0,1000.0,1000.0,100.0,100.0,200.0,1100.0,200.0,8200.0,100.0,400.0,100.0,100.0,200.0,200.0,100.0,100.0,100.0,100.0
2023-03-20 09:18:17,600519.0,1916.2,1915.99,1829.1,1794.26,1750.17,1748.0,1745.0,1744.0,1743.0,1742.0,1567.8,1654.9,1699.98,1730.0,1737.21,1742.0,1748.5,1749.8,1749.88,1750.0,500.0,100.0,1000.0,1000.0,100.0,100.0,200.0,1100.0,200.0,8200.0,100.0,400.0,100.0,100.0,200.0,200.0,100.0,100.0,100.0,100.0
2023-03-20 09:18:18,600519.0,1916.2,1915.99,1829.1,1794.26,1750.17,1748.0,1745.0,1744.0,1743.0,1742.0,1567.8,1654.9,1699.98,1730.0,1737.21,1742.0,1748.5,1749.8,1749.88,1750.0,500.0,100.0,1000.0,1000.0,100.0,100.0,200.0,1100.0,200.0,8200.0,100.0,400.0,100.0,100.0,200.0,200.0,100.0,100.0,100.0,100.0
2023-03-20 09:18:22,600519.0,1916.2,1915.99,1829.1,1794.26,1750.17,1748.0,1745.0,1744.0,1743.0,1742.0,1567.8,1654.9,1699.98,1730.0,1737.21,1742.0,1748.5,1749.8,1749.88,1750.0,500.0,100.0,1000.0,1000.0,100.0,100.0,200.0,1100.0,200.0,8200.0,100.0,400.0,100.0,100.0,200.0,200.0,100.0,100.0,100.0,100.0
2023-03-20 09:18:23,600519.0,1916.2,1915.99,1829.1,1794.26,1750.17,1748.0,1745.0,1744.0,1743.0,1742.0,1567.8,1654.9,1699.98,1730.0,1737.21,1742.0,1748.5,1749.8,1749.88,1750.0,500.0,100.0,1000.0,1000.0,100.0,100.0,200.0,1100.0,200.0,8200.0,100.0,400.0,100.0,100.0,200.0,200.0,100.0,100.0,100.0,100.0
2023-03-20 09:18:24,600519.0,1916.2,1915.99,1829.1,1794.26,1750.17,1748.0,1745.0,1744.0,1743.0,1742.0,1567.8,1654.9,1699.98,1730.0,1737.21,1742.0,1748.5,1749.8,1749.88,1750.0,500.0,100.0,1000.0,1000.0,100.0,100.0,200.0,1100.0,200.0,8200.0,100.0,400.0,100.0,100.0,200.0,200.0,100.0,100.0,100.0,100.0
2023-03-20 09:18:26,600519.0,1916.2,1915.99,1829.1,1794.26,1750.17,1748.0,1745.0,1744.0,1743.0,1742.0,1567.8,1654.9,1699.98,1730.0,1737.21,1742.0,1748.5,1749.8,1749.88,1749.95,500.0,100.0,1000.0,1000.0,100.0,100.0,200.0,1100.0,200.0,8200.0,100.0,400.0,100.0,100.0,200.0,200.0,100.0,100.0,100.0,100.0
2023-03-20 09:18:27,600519.0,1916.2,1915.99,1829.1,1794.26,1750.17,1748.0,1745.0,1744.0,1743.0,1742.0,1567.8,1654.9,1699.98,1730.0,1737.21,1742.0,1748.5,1749.8,1749.88,1749.95,500.0,100.0,1000.0,1000.0,100.0,100.0,200.0,1100.0,200.0,8200.0,100.0,400.0,100.0,100.0,200.0,200.0,100.0,100.0,100.0,100.0
2023-03-20 09:18:28,600519.0,1916.2,1915.99,1829.1,1794.26,1750.17,1748.0,1745.0,1744.0,1743.0,1742.0,1567.8,1654.9,1699.98,1730.0,1737.21,1742.0,1748.5,1749.8,1749.88,1749.95,500.0,100.0,1000.0,1000.0,100.0,100.0,200.0,1100.0,200.0,8200.0,100.0,400.0,100.0,100.0,200.0,200.0,100.0,100.0,100.0,100.0
2023-03-20 09:18:29,600519.0,1916.2,1915.99,1829.1,1794.26,1750.17,1748.0,1745.0,1744.0,1743.0,1742.0,1567.8,1654.9,1699.98,1730.0,1737.21,1742.0,1748.5,1749.8,1749.88,1749.95,500.0,100.0,1000.0,1000.0,100.0,100.0,200.0,1100.0,200.0,8200.0,100.0,400.0,100.0,100.0,200.0,200.0,100.0,100.0,100.0,100.0
2023-03-20 09:18:30,600519.0,1916.2,1915.99,1829.1,1794.26,1750.17,1748.0,1745.0,1744.0,1743.0,1742.0,1567.8,1654.9,1699.98,1730.0,1737.21,1742.0,1748.5,1749.8,1749.88,1749.95,500.0,100.0,1000.0,1000.0,100.0,100.0,200.0,1100.0,200.0,8200.0,100.0,400.0,100.0,100.0,200.0,200.0,100.0,100.0,100.0,100.0
2023-03-20 09:18:32,600519.0,1916.2,1915.99,1829.1,1794.26,1750.17,1748.0,1745.0,1744.0,1743.0,1742.0,1567.8,1654.9,1699.98,1730.0,1737.21,1742.0,1748.5,1749.8,1749.88,1749.95,500.0,100.0,1000.0,1000.0,100.0,100.0,200.0,1100.0,200.0,8200.0,100.0,400.0,100.0,100.0,200.0,200.0,100.0,100.0,100.0,100.0
2023-03-20 09:18:33,600519.0,1916.2,1915.99,1829.1,1794.26,1750.17,1748.0,1745.0,1744.0,1743.0,1742.0,1567.8,1654.9,1699.98,1737.21,1742.0,1748.5,1749.8,1749.88,1749.95,1750.0,500.0,100.0,1000.0,1000.0,100.0,100.0,200.0,1100.0,200.0,8200.0,100.0,400.0,100.0,200.0,200.0,100.0,100.0,100.0,100.0,100.0
2023-03-20 09:18:34,600519.0,1916.2,1915.99,1829.1,1794.26,1750.17,1748.0,1745.0,1744.0,1743.0,1742.0,1567.8,1654.9,1699.98,1737.21,1742.0,1748.5,1749.8,1749.88,1749.95,1750.0,500.0,100.0,1000.0,1000.0,100.0,100.0,200.0,1100.0,200.0,8200.0,100.0,400.0,100.0,200.0,200.0,100.0,100.0,100.0,100.0,100.0
2023-03-20 09:18:35,600519.0,1916.2,1915.99,1829.1,1794.26,1750.17,1748.0,1745.0,1744.0,1743.0,1742.0,1567.8,1654.9,1699.98,1737.21,1742.0,1748.5,1749.8,1749.88,1749.95,1750.0,500.0,100.0,1000.0,1000.0,100.0,100.0,200.0,1100.0,200.0,8200.0,100.0,400.0,100.0,200.0,200.0,100.0,100.0,100.0,100.0,100.0
2023-03-20 09:18:36,600519.0,1916.2,1915.99,1829.1,1794.26,1750.17,1748.0,1745.0,1744.0,1743.0,1742.0,1567.8,1654.9,1699.98,1737.21,1742.0,1748.5,1749.8,1749.88,1749.95,1750.0,500.0,100.0,1000.0,1000.0,100.0,100.0,200.0,1100.0,200.0,8200.0,100.0,400.0,100.0,200.0,200.0,100.0,100.0,100.0,100.0,100.0
2023-03-20 09:18:38,600519.0,1916.2,1915.99,1829.1,1794.26,1750.17,1748.0,1745.0,1744.0,1743.0,1742.0,1567.8,1654.9,1699.98,1737.21,1742.0,1748.5,1749.8,1749.88,1749.95,1750.0,500.0,100.0,1000.0,1000.0,100.0,100.0,200.0,1100.0,200.0,8200.0,100.0,400.0,100.0,200.0,200.0,100.0,100.0,100.0,100.0,100.0
2023-03-20 09:18:39,600519.0,1916.2,1915.99,1829.1,1794.26,1750.17,1748.0,1745.0,1744.0,1743.0,1742.0,1567.8,1654.9,1699.98,1737.21,1742.0,1748.5,1749.8,1749.88,1749.95,1750.0,500.0,100.0,300.0,1000.0,100.0,100.0,200.0,1100.0,200.0,8200.0,100.0,400.0,100.0,200.0,200.0,100.0,100.0,100.0,100.0,100.0
2023-03-20 09:18:40,600519.0,1916.2,1915.99,1829.1,1794.26,1750.17,1748.0,1745.0,1744.0,1743.0,1742.0,1567.8,1654.9,1699.98,1737.21,1742.0,1748.5,1749.8,1749.88,1749.95,1750.0,500.0,100.0,300.0,1000.0,100.0,100.0,200.0,1100.0,200.0,8200.0,100.0,400.0,100.0,200.0,200.0,100.0,100.0,100.0,100.0,100.0
2023-03-20 09:18:41,600519.0,1916.2,1915.99,1829.1,1794.26,1750.17,1748.0,1745.0,1744.0,1743.0,1742.0,1567.8,1654.9,1699.98,1737.21,1742.0,1748.5,1749.8,1749.88,1749.95,1750.0,500.0,100.0,300.0,700.0,100.0,100.0,200.0,1100.0,200.0,8200.0,100.0,400.0,100.0,200.0,200.0,100.0,100.0,100.0,100.0,100.0
2023-03-20 09:18:42,600519.0,1916.2,1915.99,1829.1,1794.26,1750.17,1748.0,1745.0,1744.0,1743.0,1742.0,1567.8,1654.9,1699.98,1737.21,1742.0,1748.5,1749.8,1749.88,1749.95,1750.0,300.0,100.0,300.0,700.0,100.0,100.0,200.0,1100.0,200.0,8200.0,100.0,400.0,100.0,200.0,200.0,100.0,100.0,100.0,100.0,100.0
2023-03-20 09:18:43,600519.0,1916.2,1915.99,1829.1,1794.26,1750.17,1748.0,1745.0,1744.0,1743.0,1742.0,1567.8,1654.9,1699.98,1737.21,1742.0,1748.5,1749.8,1749.88,1749.95,1750.0,300.0,100.0,200.0,700.0,100.0,100.0,200.0,1100.0,200.0,8200.0,100.0,400.0,100.0,200.0,200.0,100.0,100.0,100.0,100.0,100.0
2023-03-20 09:18:44,600519.0,1916.2,1915.99,1829.1,1794.26,1750.17,1748.0,1745.0,1744.0,1743.0,1742.0,1567.8,1654.9,1699.98,1737.21,1742.0,1748.5,1749.8,1749.88,1749.95,1750.0,300.0,100.0,200.0,600.0,100.0,100.0,200.0,1100.0,200.0,8200.0,100.0,400.0,100.0,200.0,200.0,100.0,100.0,100.0,100.0,100.0
2023-03-20 09:18:46,600519.0,1916.2,1915.99,1829.1,1794.26,1750.17,1748.0,1745.0,1744.0,1743.0,1742.0,1567.8,1654.9,1699.98,1737.21,1742.0,1748.5,1749.8,1749.88,1749.95,1750.0,300.0,100.0,200.0,600.0,100.0,100.0,200.0,1100.0,200.0,8200.0,100.0,400.0,100.0,200.0,200.0,100.0,100.0,100.0,100.0,100.0
2023-03-20 09:18:47,600519.0,1916.2,1915.99,1829.1,1794.26,1750.17,1748.0,1745.0,1744.0,1743.0,1742.0,1567.8,1654.9,1699.98,1737.21,1742.0,1748.5,1749.8,1749.88,1749.95,1750.0,300.0,100.0,200.0,500.0,100.0,100.0,200.0,1100.0,200.0,8200.0,100.0,200.0,100.0,200.0,200.0,100.0,100.0,100.0,100.0,100.0
2023-03-20 09:18:48,600519.0,1916.2,1915.99,1829.1,1794.26,1750.17,1748.0,1745.0,1744.0,1743.0,1742.0,1567.8,1654.9,1699.98,1737.21,1742.0,1748.5,1749.8,1749.88,1749.95,1750.0,200.0,100.0,200.0,500.0,100.0,100.0,200.0,1100.0,200.0,8200.0,100.0,200.0,100.0,200.0,200.0,100.0,100.0,100.0,100.0,400.0
2023-03-20 09:18:50,600519.0,1916.2,1915.99,1829.1,1794.26,1750.17,1748.0,1745.0,1744.0,1743.0,1742.0,1567.8,1654.9,1699.98,1737.21,1742.0,1748.5,1749.8,1749.88,1749.95,1750.0,200.0,100.0,200.0,400.0,100.0,100.0,200.0,1100.0,200.0,8200.0,100.0,200.0,100.0,200.0,200.0,100.0,100.0,100.0,100.0,400.0
2023-03-20 09:18:53,600519.0,1916.2,1915.99,1829.1,1794.26,1750.17,1748.0,1745.0,1744.0,1743.0,1742.0,1567.8,1654.9,1699.98,1737.21,1742.0,1748.5,1749.8,1749.88,1749.95,1750.0,200.0,100.0,200.0,400.0,100.0,100.0,200.0,1100.0,200.0,8200.0,100.0,200.0,100.0,200.0,200.0,100.0,100.0,100.0,100.0,400.0
2023-03-20 09:18:54,600519.0,1916.2,1915.99,1829.1,1794.26,1750.17,1748.0,1745.0,1744.0,1743.0,1742.0,1567.8,1654.9,1699.98,1737.21,1742.0,1748.5,1749.8,1749.88,1749.95,1750.0,200.0,100.0,200.0,400.0,100.0,100.0,200.0,1100.0,200.0,8200.0,100.0,200.0,100.0,200.0,200.0,100.0,100.0,100.0,100.0,400.0
2023-03-20 09:18:56,600519.0,1916.2,1915.99,1829.1,1794.26,1750.17,1748.0,1745.0,1744.0,1743.0,1742.0,1567.8,1654.9,1699.98,1737.21,1742.0,1748.5,1749.8,1749.88,1749.95,1750.0,200.0,100.0,200.0,400.0,100.0,100.0,200.0,1100.0,200.0,8200.0,100.0,200.0,100.0,200.0,200.0,100.0,100.0,100.0,100.0,400.0
2023-03-20 09:19:00,600519.0,1916.2,1915.99,1829.1,1794.26,1750.17,1748.0,1745.0,1744.0,1743.0,1742.0,1567.8,1654.9,1699.98,1737.21,1742.0,1748.5,1749.8,1749.88,1749.95,1750.0,200.0,100.0,200.0,400.0,100.0,100.0,200.0,1100.0,200.0,8200.0,100.0,200.0,100.0,200.0,200.0,100.0,100.0,100.0,100.0,400.0
2023-03-20 09:19:01,600519.0,1916.2,1915.99,1829.1,1794.26,1750.17,1748.0,1745.0,1744.0,1743.0,1742.0,1567.8,1654.9,1699.98,1700.0,1737.21,1742.0,1748.5,1749.8,1749.88,1749.95,200.0,100.0,200.0,400.0,100.0,100.0,200.0,1100.0,200.0,8200.0,100.0,200.0,100.0,100.0,200.0,200.0,100.0,100.0,100.0,100.0
2023-03-20 09:19:03,600519.0,1916.2,1915.99,1829.1,1794.26,1750.17,1748.0,1745.0,1744.0,1743.0,1742.0,1567.8,1654.9,1699.98,1700.0,1737.21,1742.0,1748.5,1749.8,1749.88,1749.95,200.0,100.0,200.0,400.0,100.0,100.0,200.0,1100.0,200.0,8200.0,100.0,200.0,100.0,100.0,200.0,200.0,100.0,100.0,100.0,100.0
2023-03-20 09:19:07,600519.0,1916.2,1915.99,1829.1,1794.26,1750.17,1748.0,1745.0,1744.0,1743.0,1742.0,1567.8,1654.9,1699.98,1700.0,1737.21,1742.0,1748.5,1749.8,1749.88,1749.95,200.0,100.0,200.0,400.0,100.0,100.0,200.0,1100.0,200.0,8200.0,100.0,200.0,100.0,100.0,200.0,200.0,100.0,100.0,100.0,100.0
2023-03-20 09:19:08,600519.0,1916.2,1915.99,1829.1,1794.26,1750.17,1748.0,1745.0,1744.0,1743.0,1742.0,1567.8,1654.9,1699.98,1700.0,1737.21,1742.0,1748.5,1749.8,1749.88,1749.95,200.0,100.0,200.0,400.0,100.0,100.0,200.0,1100.0,200.0,8200.0,100.0,200.0,100.0,100.0,200.0,200.0,100.0,100.0,100.0,100.0
2023-03-20 09:19:09,600519.0,1916.2,1915.99,1829.1,1794.26,1750.17,1748.0,1745.0,1744.0,1743.0,1742.0,1567.8,1654.9,1699.98,1700.0,1737.21,1742.0,1748.5,1749.8,1749.88,1749.95,200.0,100.0,200.0,400.0,100.0,100.0,200.0,1100.0,200.0,8200.0,100.0,200.0,100.0,100.0,200.0,200.0,300.0,100.0,100.0,100.0
2023-03-20 09:19:11,600519.0,1916.2,1915.99,1829.1,1794.26,1750.17,1748.0,1745.0,1744.0,1743.0,1742.0,1567.8,1654.9,1699.98,1700.0,1737.21,1742.0,1748.5,1749.8,1749.95,1750.0,200.0,100.0,200.0,400.0,100.0,100.0,200.0,1100.0,200.0,8200.0,100.0,200.0,100.0,100.0,200.0,200.0,300.0,100.0,100.0,400.0
2023-03-20 09:19:12,600519.0,1916.2,1915.99,1829.1,1794.26,1750.17,1748.0,1745.0,1744.0,1743.0,1742.0,1567.8,1654.9,1699.98,1700.0,1737.21,1742.0,1748.5,1749.8,1749.95,1750.0,200.0,100.0,200.0,400.0,100.0,100.0,200.0,1100.0,200.0,8200.0,100.0,200.0,100.0,100.0,200.0,200.0,400.0,100.0,100.0,400.0
2023-03-20 09:19:13,600519.0,1916.2,1915.99,1829.1,1794.26,1750.17,1748.0,1745.0,1744.0,1743.0,1742.0,1567.8,1654.9,1699.98,1700.0,1737.21,1742.0,1748.5,1749.8,1749.95,1750.0,200.0,100.0,200.0,400.0,100.0,100.0,200.0,1100.0,200.0,8200.0,100.0,200.0,100.0,100.0,200.0,200.0,400.0,100.0,100.0,400.0
2023-03-20 09:19:14,600519.0,1916.2,1915.99,1829.1,1794.26,1750.17,1748.5,1748.0,1745.0,1744.0,1743.0,1567.8,1654.9,1699.98,1700.0,1737.21,1742.0,1748.5,1749.8,1749.95,1750.0,200.0,100.0,200.0,400.0,100.0,100.0,100.0,200.0,1100.0,200.0,100.0,200.0,100.0,100.0,200.0,200.0,400.0,100.0,100.0,400.0
2023-03-20 09:19:15,600519.0,1916.2,1915.99,1829.1,1794.26,1750.17,1748.5,1748.0,1745.0,1744.0,1743.0,1567.8,1654.9,1699.98,1700.0,1737.21,1742.0,1748.5,1749.8,1749.95,1750.0,200.0,100.0,200.0,400.0,100.0,100.0,100.0,200.0,1100.0,200.0,100.0,200.0,100.0,100.0,200.0,200.0,400.0,100.0,100.0,500.0
2023-03-20 09:19:16,600519.0,1916.2,1915.99,1829.1,1794.26,1750.17,1748.5,1748.0,1745.0,1744.0,1743.0,1567.8,1654.9,1699.98,1700.0,1737.21,1742.0,1748.5,1749.8,1749.95,1750.0,200.0,100.0,200.0,400.0,100.0,100.0,100.0,100.0,1100.0,200.0,100.0,200.0,100.0,100.0,200.0,200.0,700.0,100.0,100.0,500.0
2023-03-20 09:19:17,600519.0,1916.2,1915.99,1829.1,1794.26,1750.17,1748.5,1748.0,1745.0,1744.0,1743.0,1567.8,1654.9,1699.98,1700.0,1737.21,1742.0,1748.5,1749.8,1749.95,1750.0,200.0,100.0,200.0,400.0,100.0,100.0,100.0,100.0,1100.0,200.0,100.0,200.0,100.0,100.0,200.0,200.0,700.0,100.0,100.0,500.0
2023-03-20 09:19:19,600519.0,1916.2,1915.99,1829.1,1794.26,1750.17,1748.5,1748.0,1745.0,1744.0,1743.0,1567.8,1654.9,1699.98,1700.0,1737.21,1742.0,1748.5,1749.8,1749.95,1750.0,200.0,100.0,200.0,400.0,100.0,100.0,100.0,100.0,1100.0,200.0,100.0,200.0,100.0,100.0,200.0,200.0,700.0,100.0,100.0,600.0
2023-03-20 09:19:20,600519.0,1916.2,1915.99,1829.1,1794.26,1750.17,1748.5,1748.0,1745.0,1744.0,1743.0,1567.8,1654.9,1699.98,1700.0,1737.21,1742.0,1748.5,1749.8,1749.95,1750.0,200.0,100.0,200.0,400.0,100.0,100.0,100.0,100.0,1100.0,200.0,100.0,200.0,100.0,100.0,200.0,200.0,800.0,100.0,100.0,600.0
2023-03-20 09:19:22,600519.0,1916.2,1915.99,1829.1,1794.26,1750.17,1748.5,1748.0,1745.0,1744.0,1743.0,1567.8,1654.9,1699.98,1700.0,1737.21,1742.0,1748.5,1749.8,1749.95,1750.0,200.0,100.0,200.0,400.0,100.0,100.0,100.0,100.0,1100.0,200.0,100.0,200.0,100.0,100.0,200.0,200.0,800.0,100.0,100.0,600.0
2023-03-20 09:19:23,600519.0,1916.2,1915.99,1829.1,1794.26,1750.17,1748.5,1748.0,1745.0,1744.0,1743.0,1567.8,1654.9,1699.98,1700.0,1737.21,1742.0,1748.5,1749.8,1749.95,1750.0,200.0,100.0,200.0,400.0,100.0,100.0,100.0,100.0,1100.0,200.0,100.0,200.0,100.0,100.0,200.0,200.0,800.0,100.0,100.0,600.0
2023-03-20 09:19:24,600519.0,1916.2,1915.99,1829.1,1794.26,1750.17,1748.5,1748.0,1745.0,1744.0,1743.0,1567.8,1654.9,1699.98,1700.0,1737.21,1742.0,1748.5,1749.8,1749.95,1750.0,200.0,100.0,200.0,400.0,100.0,100.0,100.0,100.0,1200.0,200.0,100.0,200.0,100.0,100.0,200.0,200.0,800.0,100.0,100.0,600.0
2023-03-20 09:19:25,600519.0,1916.2,1915.99,1829.1,1794.26,1750.17,1748.5,1748.0,1745.0,1744.0,1743.0,1567.8,1654.9,1699.98,1700.0,1737.21,1742.0,1748.5,1749.8,1749.95,1750.0,200.0,100.0,200.0,400.0,100.0,100.0,100.0,100.0,1200.0,200.0,100.0,200.0,100.0,100.0,200.0,200.0,800.0,100.0,100.0,600.0
2023-03-20 09:19:27,600519.0,1916.2,1915.99,1829.1,1794.26,1750.17,1748.5,1748.0,1745.0,1744.0,1743.0,1567.8,1654.9,1699.98,1700.0,1737.21,1742.0,1748.5,1749.8,1749.95,1750.0,200.0,100.0,200.0,400.0,100.0,100.0,100.0,100.0,1200.0,200.0,100.0,200.0,100.0,100.0,200.0,200.0,800.0,100.0,100.0,600.0
2023-03-20 09:19:30,600519.0,1916.2,1915.99,1829.1,1794.26,1750.17,1748.5,1748.0,1745.0,1744.0,1743.0,1567.8,1654.9,1699.98,1700.0,1737.21,1742.0,1748.5,1749.8,1749.95,1750.0,200.0,100.0,200.0,400.0,100.0,100.0,100.0,100.0,1200.0,200.0,100.0,200.0,100.0,100.0,200.0,200.0,800.0,100.0,100.0,600.0
2023-03-20 09:19:31,600519.0,1916.2,1915.99,1829.1,1794.26,1750.17,1748.5,1748.0,1745.0,1744.0,1743.0,1567.8,1654.9,1699.98,1700.0,1737.21,1742.0,1748.5,1749.8,1749.95,1750.0,200.0,100.0,200.0,400.0,100.0,100.0,100.0,100.0,1200.0,200.0,100.0,200.0,100.0,100.0,200.0,200.0,800.0,100.0,100.0,600.0
2023-03-20 09:19:32,600519.0,1916.2,1915.99,1829.1,1794.26,1750.17,1748.5,1748.0,1745.0,1744.0,1743.0,1567.8,1654.9,1699.98,1700.0,1737.21,1742.0,1748.5,1749.8,1749.95,1750.0,200.0,100.0,200.0,400.0,100.0,100.0,100.0,100.0,1200.0,200.0,100.0,200.0,100.0,100.0,200.0,200.0,800.0,100.0,100.0,600.0
2023-03-20 09:19:33,600519.0,1916.2,1915.99,1829.1,1794.26,1750.17,1748.5,1748.0,1745.0,1744.0,1743.0,1567.8,1654.9,1699.98,1700.0,1737.21,1742.0,1748.5,1749.8,1749.95,1750.0,200.0,100.0,200.0,400.0,100.0,100.0,100.0,100.0,1200.0,200.0,100.0,200.0,100.0,100.0,200.0,200.0,800.0,100.0,100.0,600.0
2023-03-20 09:19:34,600519.0,1916.2,1915.99,1829.1,1794.26,1750.17,1748.5,1748.0,1745.0,1744.0,1743.0,1567.8,1654.9,1699.98,1700.0,1737.21,1742.0,1748.5,1749.8,1749.95,1750.0,200.0,100.0,200.0,400.0,100.0,100.0,100.0,100.0,1200.0,200.0,100.0,200.0,100.0,100.0,200.0,200.0,1200.0,100.0,100.0,600.0
2023-03-20 09:19:35,600519.0,1916.2,1915.99,1829.1,1794.26,1750.17,1748.5,1748.0,1745.0,1744.0,1743.0,1567.8,1654.9,1699.98,1700.0,1737.21,1742.0,1748.5,1749.8,1749.95,1750.0,200.0,100.0,200.0,400.0,100.0,100.0,100.0,100.0,1200.0,200.0,100.0,200.0,100.0,100.0,200.0,200.0,1200.0,100.0,100.0,600.0
2023-03-20 09:19:36,600519.0,1916.2,1915.99,1829.1,1794.26,1750.17,1748.5,1748.0,1745.0,1744.0,1743.0,1567.8,1654.9,1699.98,1700.0,1737.21,1742.0,1748.5,1749.8,1749.95,1750.0,200.0,100.0,200.0,400.0,100.0,100.0,100.0,100.0,1200.0,200.0,100.0,200.0,100.0,100.0,200.0,200.0,1200.0,100.0,100.0,600.0
2023-03-20 09:19:37,600519.0,1916.2,1915.99,1829.1,1794.26,1750.17,1748.5,1748.0,1745.0,1744.0,1743.0,1567.8,1654.9,1699.98,1700.0,1737.21,1742.0,1748.5,1749.8,1749.95,1750.0,200.0,100.0,200.0,400.0,100.0,100.0,100.0,100.0,1200.0,200.0,100.0,200.0,100.0,100.0,200.0,200.0,1200.0,100.0,100.0,600.0
2023-03-20 09:19:38,600519.0,1916.2,1915.99,1829.1,1794.26,1750.17,1748.5,1748.0,1745.0,1744.0,1743.0,1567.8,1654.9,1699.98,1700.0,1737.21,1742.0,1748.5,1749.8,1749.95,1750.0,200.0,100.0,200.0,400.0,100.0,100.0,100.0,100.0,1200.0,200.0,100.0,200.0,100.0,100.0,200.0,200.0,1200.0,100.0,100.0,600.0
2023-03-20 09:19:39,600519.0,1916.2,1915.99,1829.1,1794.26,1750.17,1748.5,1748.0,1745.0,1744.0,1743.0,1567.8,1654.9,1699.98,1700.0,1737.21,1742.0,1748.5,1749.8,1749.95,1750.0,200.0,100.0,200.0,400.0,100.0,100.0,100.0,100.0,1200.0,200.0,100.0,200.0,100.0,100.0,200.0,200.0,1200.0,100.0,100.0,600.0
2023-03-20 09:19:40,600519.0,1916.2,1915.99,1829.1,1794.26,1750.17,1748.5,1748.0,1745.0,1744.0,1743.0,1567.8,1654.9,1699.98,1700.0,1737.21,1742.0,1748.5,1749.8,1749.95,1750.0,200.0,100.0,200.0,400.0,100.0,100.0,100.0,100.0,1200.0,200.0,100.0,200.0,100.0,100.0,200.0,200.0,1200.0,100.0,100.0,600.0
2023-03-20 09:19:44,600519.0,1916.2,1915.99,1829.1,1794.26,1750.17,1748.5,1748.0,1745.0,1744.0,1743.0,1567.8,1654.9,1699.98,1700.0,1737.21,1742.0,1748.0,1748.5,1749.8,1749.95,200.0,100.0,200.0,400.0,100.0,100.0,100.0,100.0,1200.0,200.0,100.0,200.0,100.0,100.0,200.0,200.0,100.0,1200.0,100.0,100.0
2023-03-20 09:19:45,600519.0,1916.2,1915.99,1829.1,1794.26,1750.17,1748.5,1748.0,1745.0,1744.0,1743.0,1567.8,1654.9,1699.98,1700.0,1737.21,1742.0,1748.0,1748.5,1749.8,1749.95,200.0,100.0,200.0,400.0,100.0,100.0,100.0,100.0,1200.0,200.0,100.0,200.0,100.0,100.0,200.0,200.0,100.0,1200.0,100.0,100.0
2023-03-20 09:19:46,600519.0,1916.2,1915.99,1829.1,1794.26,1750.17,1748.5,1748.0,1745.0,1744.0,1743.0,1567.8,1654.9,1699.98,1700.0,1737.21,1742.0,1748.0,1748.5,1749.8,1749.95,200.0,100.0,200.0,400.0,100.0,100.0,100.0,100.0,1200.0,200.0,100.0,200.0,100.0,100.0,200.0,200.0,100.0,1200.0,100.0,100.0
2023-03-20 09:19:47,600519.0,1916.2,1915.99,1829.1,1794.26,1750.17,1748.5,1748.0,1745.0,1744.0,1743.0,1567.8,1654.9,1699.98,1700.0,1737.21,1742.0,1748.0,1748.5,1749.8,1749.95,200.0,100.0,200.0,400.0,100.0,100.0,100.0,100.0,1200.0,200.0,100.0,200.0,100.0,100.0,200.0,200.0,100.0,1200.0,100.0,100.0
2023-03-20 09:19:48,600519.0,1916.2,1915.99,1829.1,1794.26,1748.5,1748.0,1745.0,1744.0,1743.0,1742.0,1567.8,1654.9,1699.98,1700.0,1737.21,1742.0,1748.0,1748.5,1749.8,1749.95,200.0,100.0,200.0,400.0,100.0,100.0,100.0,1200.0,200.0,8300.0,100.0,200.0,100.0,100.0,200.0,200.0,100.0,1300.0,100.0,100.0
2023-03-20 09:19:49,600519.0,1916.2,1915.99,1829.1,1794.26,1748.5,1748.0,1745.0,1744.0,1743.0,1742.0,1567.8,1654.9,1699.98,1700.0,1737.21,1742.0,1748.0,1748.5,1749.8,1749.95,200.0,100.0,200.0,400.0,100.0,100.0,100.0,1200.0,200.0,8300.0,100.0,200.0,100.0,100.0,200.0,200.0,100.0,1300.0,100.0,100.0
2023-03-20 09:19:50,600519.0,1916.2,1915.99,1829.1,1794.26,1748.5,1748.0,1745.0,1744.0,1743.0,1742.0,1567.8,1654.9,1699.98,1700.0,1737.21,1742.0,1748.0,1748.5,1749.8,1749.95,200.0,100.0,200.0,400.0,100.0,100.0,100.0,1200.0,200.0,8300.0,100.0,100.0,100.0,100.0,200.0,200.0,100.0,1300.0,100.0,100.0
2023-03-20 09:19:51,600519.0,1916.2,1915.99,1829.1,1794.26,1748.5,1748.0,1745.0,1744.0,1743.0,1742.0,1567.8,1654.9,1699.98,1700.0,1737.21,1742.0,1748.0,1748.5,1749.8,1749.95,200.0,100.0,200.0,400.0,100.0,100.0,100.0,1200.0,200.0,8300.0,100.0,100.0,100.0,100.0,200.0,200.0,100.0,1300.0,100.0,100.0
2023-03-20 09:19:54,600519.0,1916.2,1915.99,1829.1,1794.26,1748.5,1748.0,1745.0,1744.0,1743.0,1742.0,1567.8,1654.9,1699.98,1700.0,1737.21,1742.0,1748.0,1748.5,1749.8,1749.95,200.0,100.0,200.0,400.0,100.0,100.0,100.0,1200.0,200.0,8300.0,100.0,100.0,100.0,100.0,200.0,200.0,100.0,1300.0,100.0,100.0
2023-03-20 09:19:55,600519.0,1916.2,1915.99,1829.1,1794.26,1748.5,1748.0,1745.0,1744.0,1743.0,1742.0,1567.8,1654.9,1699.98,1700.0,1737.21,1742.0,1748.0,1748.5,1749.8,1749.95,200.0,100.0,200.0,400.0,100.0,100.0,100.0,1200.0,200.0,8300.0,100.0,100.0,100.0,100.0,200.0,200.0,100.0,1300.0,100.0,100.0
2023-03-20 09:19:57,600519.0,1916.2,1915.99,1829.1,1794.26,1748.5,1748.0,1745.0,1744.0,1743.0,1742.0,1567.8,1654.9,1699.98,1700.0,1737.21,1742.0,1748.0,1748.5,1749.8,1749.95,200.0,100.0,200.0,400.0,200.0,100.0,100.0,1200.0,200.0,8300.0,100.0,100.0,100.0,100.0,200.0,200.0,100.0,1300.0,100.0,100.0
2023-03-20 09:19:58,600519.0,1916.2,1915.99,1829.1,1794.26,1748.5,1748.0,1745.0,1744.0,1743.0,1742.0,1567.8,1654.9,1699.98,1700.0,1737.21,1742.0,1748.0,1748.5,1749.8,1749.95,200.0,100.0,200.0,400.0,200.0,100.0,100.0,1200.0,200.0,8300.0,100.0,100.0,100.0,100.0,200.0,200.0,100.0,1400.0,100.0,100.0
2023-03-20 09:20:00,600519.0,1916.2,1915.99,1829.1,1794.26,1748.5,1748.0,1745.0,1744.0,1743.0,1742.0,1567.8,1654.9,1699.98,1700.0,1737.21,1742.0,1748.0,1748.5,1749.8,1749.95,200.0,100.0,200.0,400.0,200.0,100.0,100.0,1200.0,200.0,8300.0,100.0,200.0,100.0,100.0,200.0,200.0,100.0,1400.0,100.0,100.0
2023-03-20 09:20:01,600519.0,1916.2,1915.99,1829.1,1829.09,1794.26,1748.5,1748.0,1745.0,1744.0,1743.0,1567.8,1654.9,1699.98,1700.0,1737.21,1742.0,1748.0,1748.5,1749.8,1749.95,200.0,100.0,200.0,100.0,400.0,200.0,100.0,100.0,1200.0,200.0,200.0,200.0,100.0,100.0,200.0,200.0,100.0,1400.0,100.0,100.0
2023-03-20 09:20:02,600519.0,1916.2,1915.99,1829.1,1829.09,1794.26,1748.5,1748.0,1745.0,1744.0,1743.0,1567.8,1654.9,1699.98,1700.0,1737.21,1742.0,1748.0,1748.5,1749.8,1749.95,200.0,100.0,200.0,100.0,500.0,200.0,100.0,100.0,1200.0,200.0,200.0,200.0,100.0,100.0,200.0,200.0,100.0,1400.0,100.0,100.0
2023-03-20 09:20:03,600519.0,1916.2,1915.99,1829.1,1829.09,1794.26,1748.5,1748.0,1745.0,1744.0,1743.0,1567.8,1654.9,1699.98,1700.0,1737.21,1742.0,1748.0,1748.5,1749.8,1749.95,200.0,100.0,200.0,100.0,500.0,200.0,100.0,100.0,1200.0,200.0,200.0,200.0,100.0,100.0,200.0,200.0,100.0,1400.0,100.0,100.0
2023-03-20 09:20:04,600519.0,1916.2,1915.99,1829.1,1829.09,1794.26,1748.5,1748.0,1745.0,1744.0,1743.0,1567.8,1654.9,1699.98,1700.0,1737.21,1742.0,1748.0,1748.5,1749.8,1749.95,200.0,100.0,200.0,100.0,500.0,200.0,100.0,100.0,1200.0,200.0,200.0,200.0,100.0,100.0,200.0,200.0,100.0,1400.0,100.0,100.0
2023-03-20 09:20:08,600519.0,1916.2,1915.99,1829.1,1829.09,1794.26,1748.5,1748.0,1745.0,1744.0,1743.0,1567.8,1654.9,1699.98,1700.0,1737.21,1742.0,1748.0,1748.5,1749.8,1749.95,200.0,100.0,200.0,100.0,500.0,200.0,100.0,100.0,1200.0,200.0,200.0,200.0,100.0,100.0,200.0,200.0,100.0,1400.0,100.0,100.0
2023-03-20 09:20:10,600519.0,1916.2,1915.99,1829.1,1829.09,1794.26,1748.5,1748.0,1745.0,1744.0,1743.0,1567.8,1654.9,1699.98,1700.0,1737.21,1742.0,1748.0,1748.5,1749.8,1749.95,200.0,100.0,200.0,100.0,500.0,200.0,100.0,100.0,1200.0,200.0,200.0,200.0,100.0,100.0,200.0,200.0,100.0,1400.0,100.0,100.0
2023-03-20 09:20:16,600519.0,1916.2,1915.99,1829.1,1829.09,1794.26,1748.5,1748.0,1745.0,1744.0,1743.0,1567.8,1654.9,1699.98,1700.0,1737.21,1742.0,1748.0,1748.5,1749.8,1749.95,200.0,100.0,200.0,100.0,500.0,200.0,100.0,100.0,1200.0,200.0,200.0,200.0,100.0,100.0,200.0,200.0,100.0,1400.0,100.0,100.0
2023-03-20 09:20:18,600519.0,1916.2,1915.99,1829.1,1829.09,1794.26,1748.5,1748.0,1745.0,1744.0,1743.0,1567.8,1654.9,1699.98,1700.0,1737.21,1742.0,1748.0,1748.5,1749.8,1749.95,200.0,100.0,200.0,100.0,500.0,200.0,100.0,100.0,1200.0,200.0,200.0,200.0,100.0,100.0,200.0,200.0,100.0,1500.0,100.0,100.0
2023-03-20 09:20:19,600519.0,1916.2,1915.99,1829.1,1829.09,1794.26,1748.5,1748.0,1745.0,1744.0,1743.0,1567.8,1654.9,1699.98,1700.0,1737.21,1742.0,1748.0,1748.5,1749.8,1749.95,200.0,100.0,200.0,100.0,500.0,200.0,100.0,100.0,1200.0,200.0,200.0,200.0,100.0,100.0,200.0,200.0,100.0,1600.0,100.0,100.0
2023-03-20 09:20:22,600519.0,1916.2,1915.99,1829.1,1829.09,1794.26,1750.0,1748.5,1748.0,1745.0,1744.0,1567.8,1654.9,1699.98,1700.0,1737.21,1742.0,1748.0,1748.5,1749.8,1749.95,200.0,100.0,200.0,100.0,500.0,100.0,200.0,100.0,100.0,1200.0,200.0,200.0,100.0,100.0,200.0,200.0,100.0,1600.0,100.0,100.0
2023-03-20 09:20:27,600519.0,1916.2,1915.99,1829.1,1829.09,1794.26,1750.0,1748.5,1748.0,1745.0,1744.0,1567.8,1654.9,1699.98,1700.0,1737.21,1742.0,1748.0,1748.5,1749.8,1749.95,200.0,100.0,200.0,100.0,500.0,100.0,200.0,100.0,100.0,1200.0,200.0,200.0,100.0,100.0,200.0,200.0,100.0,1600.0,100.0,100.0
2023-03-20 09:20:29,600519.0,1916.2,1915.99,1829.1,1829.09,1794.26,1750.0,1748.5,1748.0,1745.0,1744.0,1567.8,1654.9,1699.98,1700.0,1737.21,1742.0,1748.0,1748.5,1749.8,1749.95,200.0,100.0,200.0,100.0,500.0,100.0,200.0,100.0,100.0,1200.0,200.0,200.0,100.0,100.0,200.0,200.0,100.0,1600.0,100.0,100.0
2023-03-20 09:20:31,600519.0,1916.2,1915.99,1829.1,1829.09,1794.26,1750.0,1748.5,1748.0,1745.0,1744.0,1567.8,1654.9,1699.98,1700.0,1737.21,1742.0,1748.0,1748.5,1749.8,1749.95,200.0,100.0,200.0,100.0,500.0,100.0,200.0,100.0,100.0,1200.0,200.0,200.0,100.0,100.0,200.0,200.0,100.0,1600.0,100.0,100.0
2023-03-20 09:20:32,600519.0,1916.2,1915.99,1829.1,1829.09,1794.26,1750.0,1748.5,1748.0,1745.0,1744.0,1567.8,1654.9,1699.98,1700.0,1737.21,1742.0,1748.0,1748.5,1749.8,1749.95,200.0,100.0,200.0,100.0,500.0,100.0,200.0,100.0,100.0,1200.0,200.0,300.0,100.0,100.0,200.0,200.0,100.0,1600.0,100.0,100.0
2023-03-20 09:20:36,600519.0,1916.2,1915.99,1829.1,1829.09,1794.26,1750.0,1748.5,1748.0,1745.0,1744.0,1567.8,1654.9,1699.98,1700.0,1737.21,1742.0,1748.0,1748.5,1749.8,1749.95,200.0,100.0,200.0,100.0,500.0,100.0,200.0,100.0,100.0,1200.0,200.0,300.0,100.0,100.0,200.0,200.0,100.0,1600.0,100.0,100.0
2023-03-20 09:20:37,600519.0,1916.2,1915.99,1829.1,1829.09,1794.26,1750.0,1748.5,1748.0,1745.0,1744.0,1567.8,1654.9,1699.98,1700.0,1720.0,1737.21,1742.0,1748.0,1748.5,1749.8,200.0,100.0,200.0,100.0,500.0,100.0,200.0,100.0,100.0,1200.0,200.0,300.0,100.0,100.0,200.0,200.0,200.0,100.0,1600.0,100.0
2023-03-20 09:20:43,600519.0,1916.2,1915.99,1829.1,1829.09,1794.26,1750.0,1748.5,1748.0,1745.0,1744.0,1567.8,1654.9,1699.98,1700.0,1720.0,1737.21,1742.0,1748.0,1748.5,1749.8,200.0,100.0,200.0,100.0,500.0,100.0,200.0,100.0,100.0,1200.0,200.0,300.0,100.0,100.0,200.0,200.0,200.0,100.0,1600.0,100.0
2023-03-20 09:20:44,600519.0,1916.2,1915.99,1829.1,1829.09,1794.26,1750.0,1748.5,1748.0,1745.0,1744.0,1567.8,1654.9,1699.98,1700.0,1720.0,1737.21,1742.0,1748.0,1748.5,1749.8,200.0,100.0,200.0,100.0,500.0,100.0,200.0,100.0,100.0,1200.0,200.0,300.0,100.0,100.0,200.0,200.0,200.0,200.0,1600.0,100.0
2023-03-20 09:20:45,600519.0,1916.2,1915.99,1829.1,1829.09,1794.26,1750.0,1748.5,1748.0,1745.0,1744.0,1567.8,1654.9,1699.98,1700.0,1720.0,1737.21,1742.0,1748.0,1748.5,1749.8,200.0,100.0,200.0,100.0,500.0,100.0,200.0,100.0,100.0,1200.0,200.0,300.0,100.0,100.0,200.0,200.0,200.0,200.0,1600.0,100.0
2023-03-20 09:20:46,600519.0,1916.2,1915.99,1829.1,1829.09,1794.26,1750.0,1748.5,1748.0,1745.0,1744.0,1567.8,1654.9,1699.98,1700.0,1720.0,1737.21,1742.0,1748.0,1748.5,1749.8,200.0,100.0,300.0,100.0,500.0,100.0,200.0,100.0,100.0,1200.0,200.0,300.0,100.0,100.0,200.0,200.0,200.0,200.0,1600.0,100.0
2023-03-20 09:20:47,600519.0,1916.2,1915.99,1829.1,1829.09,1794.26,1750.0,1748.5,1748.0,1745.0,1744.0,1567.8,1654.9,1699.98,1700.0,1720.0,1737.21,1742.0,1748.0,1748.5,1749.8,200.0,100.0,300.0,100.0,600.0,100.0,200.0,100.0,100.0,1200.0,200.0,300.0,100.0,100.0,200.0,200.0,200.0,200.0,1600.0,100.0
2023-03-20 09:20:48,600519.0,1916.2,1915.99,1829.1,1829.09,1794.26,1750.0,1748.5,1748.0,1745.0,1744.0,1567.8,1654.9,1699.98,1700.0,1720.0,1737.21,1742.0,1748.0,1748.5,1749.8,300.0,100.0,300.0,100.0,600.0,100.0,200.0,100.0,100.0,1200.0,200.0,300.0,100.0,100.0,200.0,200.0,200.0,200.0,1600.0,100.0
2023-03-20 09:20:49,600519.0,1916.2,1915.99,1829.1,1829.09,1794.26,1750.0,1748.5,1748.0,1745.0,1744.0,1567.8,1654.9,1699.98,1700.0,1720.0,1737.21,1742.0,1748.0,1748.5,1749.8,300.0,100.0,300.0,100.0,600.0,100.0,200.0,100.0,100.0,1200.0,200.0,400.0,100.0,100.0,200.0,200.0,200.0,200.0,1600.0,100.0
2023-03-20 09:20:54,600519.0,1916.2,1915.99,1829.1,1829.09,1794.26,1750.0,1748.5,1748.0,1745.0,1744.0,1567.8,1654.9,1699.98,1700.0,1720.0,1737.21,1742.0,1748.0,1748.5,1749.8,300.0,100.0,300.0,100.0,600.0,100.0,200.0,100.0,100.0,1200.0,200.0,400.0,100.0,100.0,200.0,200.0,200.0,200.0,1600.0,100.0
2023-03-20 09:20:57,600519.0,1916.2,1915.99,1829.1,1829.09,1794.26,1750.0,1748.5,1748.0,1745.0,1744.0,1567.8,1654.9,1699.98,1700.0,1720.0,1737.21,1742.0,1748.0,1748.5,1749.8,300.0,100.0,300.0,100.0,600.0,100.0,200.0,100.0,100.0,1200.0,200.0,400.0,100.0,100.0,200.0,200.0,200.0,200.0,1600.0,100.0
2023-03-20 09:20:58,600519.0,1916.2,1915.99,1829.1,1829.09,1794.26,1750.0,1748.5,1748.0,1745.0,1744.0,1567.8,1654.9,1699.98,1700.0,1720.0,1737.21,1742.0,1748.0,1748.5,1749.8,300.0,100.0,300.0,100.0,600.0,100.0,200.0,100.0,100.0,1200.0,200.0,400.0,100.0,100.0,200.0,200.0,200.0,200.0,1600.0,100.0
2023-03-20 09:21:00,600519.0,1916.2,1915.99,1829.1,1829.09,1794.26,1750.0,1748.5,1748.0,1745.0,1744.0,1567.8,1654.9,1699.98,1700.0,1720.0,1737.21,1742.0,1748.0,1748.5,1749.8,300.0,100.0,300.0,100.0,600.0,100.0,200.0,100.0,100.0,1200.0,200.0,400.0,100.0,100.0,200.0,200.0,200.0,200.0,1600.0,100.0
2023-03-20 09:21:02,600519.0,1916.2,1915.99,1829.1,1829.09,1794.26,1750.0,1748.5,1748.0,1745.0,1744.0,1567.8,1654.9,1699.98,1700.0,1720.0,1737.21,1742.0,1748.0,1748.5,1749.8,300.0,100.0,300.0,100.0,600.0,100.0,200.0,100.0,100.0,1200.0,200.0,400.0,100.0,100.0,200.0,200.0,200.0,200.0,1600.0,100.0
2023-03-20 09:21:03,600519.0,1916.2,1915.99,1829.1,1829.09,1794.26,1750.0,1748.5,1748.0,1745.0,1744.0,1567.8,1654.9,1699.98,1700.0,1720.0,1737.21,1742.0,1748.0,1748.5,1749.8,300.0,100.0,300.0,100.0,600.0,100.0,200.0,100.0,100.0,1200.0,200.0,400.0,100.0,100.0,200.0,200.0,200.0,400.0,1600.0,100.0
2023-03-20 09:21:05,600519.0,1916.2,1915.99,1829.1,1829.09,1794.26,1750.0,1748.5,1748.0,1745.0,1744.0,1567.8,1654.9,1699.98,1700.0,1720.0,1737.21,1742.0,1748.0,1748.5,1749.8,300.0,100.0,300.0,100.0,700.0,100.0,200.0,100.0,100.0,1200.0,200.0,400.0,100.0,100.0,200.0,200.0,200.0,400.0,1600.0,100.0
2023-03-20 09:21:06,600519.0,1916.2,1915.99,1829.1,1829.09,1794.26,1750.0,1748.5,1748.0,1745.0,1744.0,1567.8,1654.9,1699.98,1700.0,1720.0,1737.21,1742.0,1748.0,1748.5,1749.8,300.0,100.0,300.0,100.0,700.0,100.0,200.0,100.0,100.0,1200.0,200.0,400.0,100.0,100.0,200.0,200.0,200.0,400.0,1600.0,100.0
2023-03-20 09:21:07,600519.0,1916.2,1915.99,1829.1,1829.09,1794.26,1750.0,1748.5,1748.0,1745.0,1744.0,1567.8,1654.9,1699.98,1700.0,1720.0,1737.21,1742.0,1748.0,1748.5,1749.8,300.0,100.0,300.0,100.0,700.0,100.0,200.0,100.0,100.0,1200.0,200.0,400.0,100.0,100.0,200.0,200.0,200.0,400.0,1600.0,100.0
2023-03-20 09:21:08,600519.0,1916.2,1915.99,1829.1,1829.09,1794.26,1750.0,1748.5,1748.0,1745.0,1744.0,1567.8,1654.9,1699.98,1700.0,1720.0,1737.21,1742.0,1748.0,1748.37,1748.5,300.0,100.0,300.0,100.0,700.0,100.0,200.0,100.0,100.0,1200.0,200.0,400.0,100.0,100.0,200.0,200.0,200.0,400.0,100.0,1600.0
2023-03-20 09:21:09,600519.0,1916.2,1915.99,1829.1,1829.09,1794.26,1750.0,1748.5,1748.0,1745.0,1744.0,1567.8,1654.9,1699.98,1700.0,1720.0,1737.21,1742.0,1748.0,1748.37,1748.5,300.0,100.0,300.0,100.0,700.0,100.0,200.0,100.0,100.0,1200.0,200.0,400.0,100.0,100.0,200.0,200.0,200.0,400.0,100.0,1600.0
2023-03-20 09:21:10,600519.0,1916.2,1915.99,1829.1,1829.09,1794.26,1750.0,1748.5,1748.0,1745.0,1744.0,1567.8,1654.9,1699.98,1700.0,1720.0,1737.21,1742.0,1748.0,1748.37,1748.5,300.0,100.0,300.0,100.0,700.0,100.0,200.0,100.0,100.0,1200.0,200.0,400.0,100.0,100.0,200.0,200.0,200.0,400.0,100.0,1600.0
2023-03-20 09:21:11,600519.0,1916.2,1915.99,1829.1,1829.09,1794.26,1760.0,1750.0,1748.5,1748.0,1745.0,1567.8,1654.9,1699.98,1700.0,1720.0,1737.21,1742.0,1748.0,1748.37,1748.5,300.0,100.0,300.0,100.0,700.0,100.0,100.0,200.0,100.0,100.0,200.0,400.0,100.0,100.0,200.0,200.0,200.0,400.0,100.0,1600.0
2023-03-20 09:21:12,600519.0,1916.2,1915.99,1829.1,1829.09,1794.26,1760.0,1750.0,1748.5,1748.0,1745.0,1567.8,1654.9,1699.98,1700.0,1720.0,1737.21,1742.0,1748.0,1748.37,1748.5,300.0,100.0,300.0,100.0,700.0,100.0,100.0,200.0,100.0,100.0,200.0,400.0,100.0,100.0,200.0,200.0,200.0,400.0,100.0,1600.0
2023-03-20 09:21:14,600519.0,1916.2,1915.99,1829.1,1829.09,1794.26,1760.5,1760.0,1750.0,1748.5,1748.0,1567.8,1654.9,1699.98,1700.0,1720.0,1737.21,1742.0,1748.0,1748.37,1748.5,300.0,100.0,300.0,100.0,700.0,100.0,100.0,100.0,200.0,100.0,200.0,400.0,100.0,100.0,200.0,200.0,300.0,400.0,100.0,1600.0
2023-03-20 09:21:17,600519.0,1916.2,1915.99,1829.1,1829.09,1794.26,1760.5,1760.0,1750.0,1748.5,1748.0,1567.8,1654.9,1699.98,1700.0,1720.0,1737.21,1742.0,1748.0,1748.37,1748.5,300.0,100.0,300.0,100.0,800.0,100.0,100.0,100.0,200.0,100.0,200.0,400.0,100.0,100.0,200.0,200.0,300.0,400.0,100.0,1600.0
2023-03-20 09:21:18,600519.0,1916.2,1915.99,1829.1,1829.09,1794.26,1760.5,1760.0,1750.0,1748.5,1748.0,1567.8,1654.9,1699.98,1700.0,1720.0,1737.21,1742.0,1748.0,1748.37,1748.5,400.0,100.0,300.0,100.0,800.0,100.0,100.0,100.0,200.0,100.0,200.0,400.0,100.0,100.0,200.0,200.0,300.0,400.0,100.0,1600.0
2023-03-20 09:21:20,600519.0,1916.2,1915.99,1829.1,1829.09,1794.26,1760.5,1760.0,1750.0,1748.5,1748.0,1567.8,1654.9,1699.98,1700.0,1720.0,1737.21,1742.0,1748.0,1748.37,1748.5,400.0,100.0,300.0,100.0,800.0,100.0,100.0,100.0,200.0,100.0,300.0,400.0,100.0,100.0,200.0,200.0,300.0,400.0,100.0,1600.0
2023-03-20 09:21:21,600519.0,1916.2,1915.99,1829.1,1829.09,1794.26,1760.5,1760.0,1750.0,1748.5,1748.0,1567.8,1654.9,1699.98,1700.0,1720.0,1737.21,1742.0,1748.0,1748.37,1748.5,400.0,100.0,300.0,100.0,800.0,100.0,100.0,100.0,200.0,100.0,300.0,400.0,100.0,100.0,200.0,200.0,300.0,400.0,100.0,1600.0
2023-03-20 09:21:22,600519.0,1916.2,1915.99,1829.1,1829.09,1794.26,1760.5,1760.0,1750.0,1748.5,1748.0,1567.8,1654.9,1699.98,1700.0,1720.0,1737.21,1742.0,1748.0,1748.37,1748.5,400.0,100.0,300.0,100.0,800.0,100.0,100.0,100.0,200.0,100.0,300.0,400.0,100.0,100.0,200.0,200.0,300.0,400.0,100.0,1600.0
2023-03-20 09:21:23,600519.0,1916.2,1915.99,1829.1,1829.09,1794.26,1760.5,1760.0,1750.0,1748.5,1748.0,1567.8,1654.9,1699.98,1700.0,1720.0,1737.21,1742.0,1748.0,1748.37,1748.5,400.0,100.0,300.0,100.0,800.0,100.0,100.0,100.0,200.0,100.0,300.0,400.0,100.0,100.0,200.0,200.0,300.0,400.0,100.0,1600.0
2023-03-20 09:21:24,600519.0,1916.2,1915.99,1829.1,1829.09,1794.26,1760.5,1760.0,1750.0,1748.5,1748.0,1567.8,1654.9,1699.98,1700.0,1720.0,1737.21,1742.0,1748.0,1748.37,1748.5,400.0,100.0,300.0,100.0,800.0,100.0,100.0,100.0,200.0,100.0,300.0,400.0,100.0,100.0,200.0,200.0,300.0,400.0,100.0,1600.0
2023-03-20 09:21:26,600519.0,1916.2,1915.99,1829.1,1829.09,1794.26,1760.5,1760.0,1750.0,1748.5,1748.0,1567.8,1654.9,1699.98,1700.0,1720.0,1737.21,1742.0,1748.0,1748.37,1748.5,400.0,100.0,300.0,100.0,800.0,100.0,100.0,100.0,200.0,100.0,300.0,400.0,100.0,100.0,200.0,200.0,300.0,400.0,100.0,1600.0
2023-03-20 09:21:28,600519.0,1916.2,1915.99,1829.1,1829.09,1794.26,1760.5,1760.0,1750.0,1748.5,1748.0,1567.8,1654.9,1699.98,1700.0,1720.0,1737.21,1742.0,1746.0,1748.0,1748.37,400.0,100.0,300.0,100.0,800.0,100.0,100.0,100.0,200.0,100.0,300.0,400.0,100.0,100.0,200.0,200.0,300.0,100.0,400.0,100.0
2023-03-20 09:21:30,600519.0,1916.2,1915.99,1829.1,1829.09,1794.26,1760.5,1760.0,1750.0,1748.5,1748.0,1567.8,1654.9,1699.98,1700.0,1720.0,1737.21,1742.0,1746.0,1748.0,1748.37,400.0,100.0,300.0,100.0,800.0,100.0,1100.0,100.0,200.0,100.0,300.0,400.0,100.0,100.0,200.0,200.0,300.0,100.0,400.0,100.0
2023-03-20 09:21:31,600519.0,1916.2,1915.99,1829.1,1829.09,1828.92,1794.26,1760.5,1760.0,1750.0,1748.5,1567.8,1654.9,1699.98,1700.0,1720.0,1737.21,1742.0,1746.0,1748.0,1748.37,400.0,100.0,300.0,100.0,100.0,800.0,100.0,1100.0,100.0,200.0,300.0,400.0,100.0,100.0,200.0,200.0,300.0,100.0,400.0,100.0
2023-03-20 09:21:32,600519.0,1916.2,1915.99,1829.1,1829.09,1828.92,1794.26,1760.5,1760.0,1750.0,1748.5,1567.8,1654.9,1699.98,1700.0,1720.0,1737.21,1742.0,1746.0,1748.0,1748.37,400.0,100.0,300.0,100.0,100.0,1000.0,100.0,1100.0,100.0,200.0,300.0,400.0,100.0,100.0,200.0,200.0,300.0,100.0,400.0,100.0
2023-03-20 09:21:33,600519.0,1916.2,1915.99,1829.1,1829.09,1828.92,1794.26,1760.5,1760.0,1750.0,1748.5,1567.8,1654.9,1699.98,1700.0,1720.0,1737.21,1742.0,1746.0,1748.0,1748.37,600.0,100.0,300.0,100.0,100.0,1000.0,100.0,1100.0,100.0,200.0,300.0,400.0,100.0,100.0,200.0,200.0,300.0,100.0,400.0,100.0
2023-03-20 09:21:34,600519.0,1916.2,1915.99,1829.1,1829.09,1828.92,1794.26,1760.5,1760.0,1750.0,1748.5,1567.8,1654.9,1699.98,1700.0,1720.0,1737.21,1742.0,1746.0,1748.0,1748.37,600.0,100.0,400.0,100.0,100.0,1000.0,100.0,1100.0,100.0,200.0,300.0,400.0,100.0,100.0,200.0,200.0,300.0,100.0,400.0,100.0
2023-03-20 09:21:35,600519.0,1916.2,1915.99,1829.1,1829.09,1828.92,1794.26,1760.5,1760.0,1750.0,1748.5,1567.8,1654.9,1699.98,1700.0,1720.0,1737.21,1742.0,1746.0,1748.0,1748.37,600.0,100.0,400.0,100.0,100.0,1000.0,100.0,1100.0,100.0,200.0,300.0,500.0,100.0,100.0,200.0,200.0,300.0,100.0,400.0,100.0
2023-03-20 09:21:36,600519.0,1916.2,1915.99,1829.1,1829.09,1828.92,1794.26,1760.5,1760.0,1750.0,1748.5,1567.8,1654.9,1699.98,1700.0,1720.0,1737.21,1742.0,1746.0,1748.0,1748.37,700.0,100.0,400.0,100.0,100.0,1000.0,100.0,1100.0,100.0,200.0,300.0,500.0,100.0,100.0,200.0,200.0,300.0,100.0,400.0,100.0
2023-03-20 09:21:37,600519.0,1916.2,1915.99,1829.1,1829.09,1828.92,1794.26,1760.5,1760.0,1750.0,1748.5,1567.8,1654.9,1699.98,1700.0,1720.0,1737.21,1742.0,1746.0,1748.0,1748.37,700.0,100.0,400.0,100.0,100.0,1000.0,100.0,1100.0,100.0,200.0,300.0,500.0,100.0,100.0,200.0,200.0,300.0,100.0,400.0,100.0
2023-03-20 09:21:39,600519.0,1916.2,1915.99,1829.1,1829.09,1828.92,1794.26,1760.5,1760.0,1750.0,1748.5,1567.8,1654.9,1699.98,1700.0,1720.0,1737.21,1742.0,1746.0,1748.0,1748.37,800.0,100.0,400.0,100.0,100.0,1000.0,100.0,1100.0,100.0,200.0,300.0,500.0,100.0,100.0,200.0,200.0,300.0,100.0,400.0,100.0
2023-03-20 09:21:40,600519.0,1916.2,1915.99,1829.1,1829.09,1828.92,1794.26,1760.5,1760.0,1750.0,1748.5,1567.8,1654.9,1699.98,1700.0,1720.0,1737.21,1742.0,1746.0,1748.0,1748.12,800.0,100.0,400.0,100.0,100.0,1000.0,100.0,1100.0,100.0,200.0,300.0,500.0,100.0,100.0,200.0,200.0,300.0,100.0,400.0,100.0
2023-03-20 09:21:41,600519.0,1916.2,1915.99,1829.1,1829.09,1828.92,1794.26,1760.5,1760.0,1750.0,1748.5,1567.8,1654.9,1699.98,1700.0,1717.62,1720.0,1737.21,1742.0,1746.0,1748.0,800.0,100.0,400.0,100.0,100.0,1000.0,100.0,1100.0,100.0,200.0,300.0,500.0,100.0,100.0,100.0,200.0,200.0,300.0,100.0,400.0
2023-03-20 09:21:43,600519.0,1916.2,1915.99,1829.1,1829.09,1828.92,1794.26,1760.5,1760.0,1750.0,1748.5,1567.8,1654.9,1699.98,1700.0,1717.62,1720.0,1737.21,1742.0,1746.0,1748.0,800.0,100.0,400.0,100.0,100.0,1000.0,100.0,1100.0,100.0,200.0,300.0,500.0,100.0,100.0,100.0,200.0,200.0,300.0,100.0,400.0
2023-03-20 09:21:44,600519.0,1916.2,1915.99,1829.1,1829.09,1828.92,1794.26,1760.5,1760.0,1750.0,1748.5,1567.8,1654.9,1699.98,1700.0,1717.62,1720.0,1737.21,1742.0,1746.0,1748.0,800.0,100.0,400.0,100.0,100.0,1000.0,100.0,1100.0,100.0,200.0,300.0,500.0,100.0,100.0,100.0,200.0,200.0,300.0,100.0,400.0
2023-03-20 09:21:46,600519.0,1916.2,1915.99,1829.1,1829.09,1828.92,1794.26,1760.5,1760.0,1750.0,1748.5,1567.8,1654.9,1699.98,1700.0,1717.62,1720.0,1737.21,1742.0,1746.0,1748.0,800.0,100.0,400.0,100.0,100.0,1000.0,100.0,1100.0,100.0,200.0,300.0,500.0,100.0,100.0,100.0,200.0,200.0,300.0,100.0,400.0
2023-03-20 09:21:47,600519.0,1916.2,1915.99,1829.1,1829.09,1828.92,1794.26,1760.5,1760.0,1750.0,1748.5,1567.8,1654.9,1699.98,1700.0,1717.62,1720.0,1737.21,1742.0,1746.0,1748.0,800.0,100.0,400.0,100.0,100.0,1000.0,100.0,1100.0,100.0,200.0,300.0,500.0,100.0,100.0,100.0,200.0,200.0,300.0,100.0,400.0
2023-03-20 09:21:49,600519.0,1916.2,1915.99,1829.1,1829.09,1828.92,1794.26,1760.5,1760.0,1750.0,1748.5,1567.8,1654.9,1699.98,1700.0,1717.62,1720.0,1737.21,1742.0,1746.0,1748.0,800.0,100.0,400.0,100.0,100.0,1000.0,100.0,1100.0,100.0,200.0,300.0,500.0,100.0,100.0,100.0,200.0,200.0,300.0,100.0,400.0
2023-03-20 09:21:50,600519.0,1916.2,1915.99,1829.1,1829.09,1828.92,1794.26,1760.5,1760.0,1750.0,1748.5,1567.8,1654.9,1699.98,1700.0,1717.62,1720.0,1737.21,1740.0,1742.0,1746.0,800.0,100.0,400.0,100.0,100.0,1000.0,100.0,1100.0,100.0,200.0,300.0,500.0,100.0,100.0,100.0,200.0,200.0,100.0,300.0,100.0
2023-03-20 09:21:51,600519.0,1916.2,1915.99,1829.1,1829.09,1828.92,1794.26,1760.5,1760.0,1750.0,1748.5,1567.8,1654.9,1699.98,1700.0,1717.62,1720.0,1737.21,1740.0,1742.0,1746.0,800.0,100.0,400.0,100.0,100.0,1000.0,100.0,1100.0,100.0,200.0,300.0,500.0,100.0,100.0,100.0,200.0,200.0,100.0,300.0,100.0
2023-03-20 09:21:52,600519.0,1916.2,1915.99,1829.1,1829.09,1828.92,1794.26,1760.5,1760.0,1750.0,1748.5,1567.8,1654.9,1699.98,1700.0,1717.62,1720.0,1737.21,1740.0,1742.0,1746.0,800.0,100.0,400.0,100.0,100.0,1000.0,100.0,1100.0,100.0,200.0,300.0,500.0,100.0,100.0,100.0,200.0,200.0,100.0,300.0,100.0
2023-03-20 09:21:54,600519.0,1916.2,1915.99,1829.1,1829.09,1828.92,1794.26,1760.5,1760.0,1750.0,1748.5,1567.8,1654.9,1699.98,1700.0,1717.62,1720.0,1737.21,1740.0,1742.0,1746.0,800.0,100.0,400.0,100.0,100.0,1000.0,100.0,1100.0,100.0,200.0,300.0,500.0,100.0,100.0,100.0,200.0,200.0,200.0,300.0,100.0
2023-03-20 09:21:55,600519.0,1916.2,1915.99,1829.1,1829.09,1828.92,1794.26,1760.5,1760.0,1750.0,1748.5,1567.8,1654.9,1699.98,1700.0,1717.62,1720.0,1737.21,1740.0,1742.0,1746.0,800.0,100.0,400.0,100.0,100.0,1000.0,100.0,1100.0,100.0,200.0,300.0,500.0,100.0,100.0,100.0,200.0,200.0,200.0,300.0,100.0
2023-03-20 09:21:56,600519.0,1916.2,1915.99,1829.1,1829.09,1828.92,1794.26,1760.5,1760.0,1750.0,1748.5,1567.8,1654.9,1699.98,1700.0,1717.62,1720.0,1737.21,1740.0,1742.0,1746.0,800.0,100.0,400.0,100.0,100.0,1000.0,100.0,1100.0,100.0,200.0,300.0,500.0,100.0,100.0,100.0,200.0,200.0,200.0,300.0,100.0
2023-03-20 09:21:58,600519.0,1916.2,1915.99,1829.1,1829.09,1828.92,1794.26,1760.5,1760.0,1750.0,1748.5,1567.8,1654.9,1699.98,1700.0,1717.62,1720.0,1737.21,1740.0,1742.0,1746.0,800.0,100.0,400.0,100.0,100.0,1000.0,100.0,1100.0,100.0,200.0,300.0,500.0,100.0,100.0,100.0,200.0,200.0,200.0,300.0,100.0
2023-03-20 09:21:59,600519.0,1916.2,1915.99,1829.1,1829.09,1828.92,1794.26,1760.5,1760.0,1750.0,1748.5,1567.8,1654.9,1699.98,1700.0,1717.62,1720.0,1737.21,1740.0,1742.0,1746.0,800.0,100.0,400.0,100.0,100.0,1000.0,100.0,1100.0,100.0,200.0,300.0,500.0,100.0,100.0,100.0,200.0,200.0,200.0,300.0,100.0
2023-03-20 09:22:00,600519.0,1916.2,1915.99,1829.1,1829.09,1828.92,1794.26,1760.5,1760.0,1750.0,1748.5,1567.8,1654.9,1699.98,1700.0,1717.62,1720.0,1737.21,1740.0,1742.0,1746.0,800.0,100.0,400.0,100.0,100.0,1000.0,100.0,1100.0,100.0,200.0,300.0,500.0,100.0,100.0,100.0,200.0,200.0,200.0,300.0,100.0
2023-03-20 09:22:02,600519.0,1916.2,1915.99,1829.1,1829.09,1828.92,1794.26,1760.5,1760.0,1750.0,1748.5,1567.8,1654.9,1699.98,1700.0,1717.62,1720.0,1737.21,1740.0,1742.0,1746.0,800.0,100.0,400.0,100.0,100.0,1000.0,100.0,1100.0,100.0,200.0,300.0,500.0,100.0,100.0,100.0,200.0,200.0,200.0,300.0,100.0
2023-03-20 09:22:04,600519.0,1916.2,1915.99,1829.1,1829.09,1828.92,1794.26,1760.5,1760.0,1752.0,1750.0,1567.8,1654.9,1699.98,1700.0,1717.62,1720.0,1737.21,1740.0,1742.0,1746.0,800.0,100.0,500.0,100.0,300.0,1000.0,100.0,1100.0,3800.0,100.0,400.0,500.0,100.0,100.0,100.0,200.0,200.0,200.0,300.0,100.0
2023-03-20 09:22:05,600519.0,1916.2,1915.99,1829.1,1829.09,1828.92,1794.26,1760.5,1760.0,1752.0,1750.0,1567.8,1654.9,1699.98,1700.0,1717.62,1720.0,1737.21,1740.0,1742.0,1744.0,800.0,100.0,700.0,100.0,300.0,1000.0,100.0,1100.0,3800.0,100.0,400.0,500.0,100.0,100.0,100.0,200.0,200.0,200.0,300.0,100.0
2023-03-20 09:22:06,600519.0,1916.2,1915.99,1829.1,1829.09,1828.92,1794.26,1760.5,1760.0,1752.0,1750.0,1567.8,1654.9,1699.98,1700.0,1717.62,1720.0,1737.21,1740.0,1742.0,1744.0,1500.0,100.0,700.0,100.0,300.0,1000.0,100.0,1100.0,3800.0,100.0,400.0,500.0,100.0,100.0,100.0,200.0,200.0,200.0,300.0,100.0
2023-03-20 09:22:07,600519.0,1916.2,1915.99,1829.1,1829.09,1828.92,1794.26,1760.5,1760.0,1752.0,1750.0,1567.8,1654.9,1699.98,1700.0,1717.62,1720.0,1737.21,1740.0,1742.0,1744.0,1500.0,100.0,700.0,100.0,300.0,1000.0,100.0,1100.0,3800.0,100.0,400.0,500.0,100.0,100.0,100.0,200.0,200.0,200.0,300.0,100.0
2023-03-20 09:22:08,600519.0,1916.2,1915.99,1829.1,1829.09,1828.92,1794.26,1760.5,1760.0,1752.0,1750.0,1567.8,1654.9,1699.98,1700.0,1717.62,1720.0,1737.21,1740.0,1742.0,1744.0,1500.0,100.0,700.0,100.0,300.0,1000.0,100.0,1100.0,3800.0,100.0,400.0,500.0,100.0,100.0,100.0,200.0,200.0,200.0,300.0,100.0
2023-03-20 09:22:09,600519.0,1916.2,1915.99,1829.1,1829.09,1828.92,1794.26,1760.5,1760.0,1752.0,1750.0,1567.8,1654.9,1699.98,1700.0,1717.62,1720.0,1737.21,1740.0,1742.0,1744.0,1700.0,100.0,700.0,100.0,300.0,1000.0,100.0,1100.0,3800.0,100.0,400.0,500.0,100.0,100.0,100.0,200.0,200.0,200.0,300.0,100.0
2023-03-20 09:22:12,600519.0,1916.2,1915.99,1829.1,1829.09,1828.92,1794.26,1760.5,1760.0,1752.0,1750.0,1567.8,1654.9,1699.98,1700.0,1717.62,1720.0,1737.21,1740.0,1742.0,1744.0,1700.0,100.0,700.0,100.0,300.0,1000.0,100.0,1100.0,3800.0,100.0,400.0,500.0,100.0,100.0,100.0,200.0,200.0,200.0,300.0,100.0
2023-03-20 09:22:14,600519.0,1916.2,1915.99,1829.1,1829.09,1828.92,1794.26,1760.5,1760.0,1752.0,1750.0,1567.8,1654.9,1699.98,1700.0,1717.62,1720.0,1737.21,1740.0,1742.0,1744.0,1700.0,100.0,700.0,100.0,300.0,1000.0,100.0,1100.0,3800.0,100.0,400.0,500.0,100.0,100.0,100.0,200.0,200.0,200.0,300.0,100.0
2023-03-20 09:22:19,600519.0,1916.2,1915.99,1829.1,1829.09,1828.92,1794.26,1760.5,1760.0,1752.0,1750.0,1567.8,1654.9,1699.98,1700.0,1717.62,1720.0,1737.21,1740.0,1742.0,1744.0,1700.0,100.0,700.0,100.0,300.0,1000.0,100.0,1100.0,3900.0,100.0,400.0,500.0,100.0,100.0,100.0,200.0,200.0,200.0,300.0,100.0
2023-03-20 09:22:21,600519.0,1916.2,1915.99,1829.1,1829.09,1828.92,1794.26,1760.5,1760.0,1752.0,1750.0,1567.8,1654.9,1699.98,1700.0,1717.62,1720.0,1737.21,1740.0,1742.0,1744.0,1700.0,100.0,700.0,100.0,300.0,1000.0,100.0,1100.0,3900.0,100.0,400.0,500.0,100.0,100.0,100.0,200.0,200.0,200.0,300.0,100.0
2023-03-20 09:22:22,600519.0,1916.2,1915.99,1829.1,1829.09,1828.92,1794.26,1760.5,1760.0,1752.0,1750.0,1567.8,1654.9,1699.98,1700.0,1717.62,1720.0,1737.21,1740.0,1742.0,1744.0,1700.0,100.0,700.0,100.0,300.0,1000.0,100.0,1100.0,3900.0,100.0,400.0,500.0,100.0,100.0,100.0,200.0,200.0,200.0,300.0,100.0
2023-03-20 09:22:23,600519.0,1916.2,1915.99,1829.1,1829.09,1828.92,1794.26,1760.5,1760.0,1752.0,1750.0,1567.8,1654.9,1699.98,1700.0,1717.62,1720.0,1737.21,1740.0,1742.0,1744.0,1700.0,100.0,700.0,100.0,300.0,1000.0,100.0,1100.0,3900.0,100.0,400.0,500.0,100.0,100.0,100.0,200.0,200.0,200.0,300.0,100.0
2023-03-20 09:22:25,600519.0,1916.2,1915.99,1829.1,1829.09,1828.92,1794.26,1760.5,1760.0,1752.0,1750.0,1567.8,1654.9,1699.98,1700.0,1717.62,1720.0,1737.21,1740.0,1742.0,1744.0,1800.0,100.0,700.0,900.0,300.0,1000.0,100.0,1100.0,3900.0,100.0,500.0,500.0,100.0,100.0,100.0,200.0,200.0,200.0,300.0,100.0
2023-03-20 09:22:26,600519.0,1916.2,1915.99,1829.1,1829.09,1828.92,1794.26,1760.5,1760.0,1752.0,1750.0,1567.8,1654.9,1699.98,1700.0,1717.62,1720.0,1737.21,1740.0,1742.0,1744.0,1800.0,100.0,700.0,900.0,300.0,1000.0,100.0,1100.0,3900.0,100.0,500.0,500.0,100.0,100.0,100.0,200.0,200.0,300.0,300.0,100.0
2023-03-20 09:22:27,600519.0,1916.2,1915.99,1829.1,1829.09,1828.92,1794.26,1760.5,1760.0,1752.0,1750.0,1567.8,1654.9,1699.98,1700.0,1717.62,1720.0,1737.21,1740.0,1742.0,1744.0,1800.0,100.0,700.0,900.0,300.0,1000.0,100.0,1100.0,3900.0,100.0,500.0,500.0,100.0,100.0,100.0,200.0,200.0,300.0,300.0,100.0
2023-03-20 09:22:29,600519.0,1916.2,1915.99,1829.1,1829.09,1828.92,1794.26,1760.5,1760.0,1752.0,1750.0,1567.8,1654.9,1699.98,1700.0,1717.62,1720.0,1737.21,1740.0,1742.0,1744.0,1800.0,100.0,700.0,900.0,300.0,1000.0,100.0,1100.0,3900.0,100.0,500.0,500.0,100.0,100.0,100.0,200.0,200.0,300.0,300.0,100.0
2023-03-20 09:22:30,600519.0,1916.2,1915.99,1829.1,1829.09,1828.92,1794.26,1760.5,1760.0,1752.0,1750.0,1567.8,1654.9,1699.98,1700.0,1717.62,1720.0,1737.21,1740.0,1742.0,1744.0,1800.0,100.0,800.0,900.0,400.0,1000.0,100.0,1100.0,3900.0,100.0,500.0,500.0,100.0,100.0,100.0,200.0,200.0,300.0,300.0,100.0
2023-03-20 09:22:31,600519.0,1916.2,1915.99,1829.1,1829.09,1828.92,1794.26,1760.5,1760.0,1752.0,1750.0,1567.8,1654.9,1699.98,1700.0,1717.62,1720.0,1737.21,1740.0,1742.0,1744.0,1800.0,100.0,800.0,900.0,400.0,1000.0,100.0,1100.0,3900.0,100.0,500.0,500.0,100.0,100.0,100.0,200.0,200.0,300.0,300.0,100.0
2023-03-20 09:22:32,600519.0,1916.2,1915.99,1829.1,1829.09,1828.92,1794.26,1760.5,1760.0,1752.0,1750.0,1567.8,1654.9,1699.98,1700.0,1717.62,1720.0,1737.21,1740.0,1742.0,1744.0,1800.0,100.0,800.0,900.0,400.0,1000.0,100.0,1100.0,3900.0,100.0,500.0,500.0,100.0,100.0,100.0,200.0,200.0,300.0,300.0,100.0
2023-03-20 09:22:33,600519.0,1916.2,1915.99,1829.1,1829.09,1828.92,1794.26,1760.5,1760.0,1752.0,1750.0,1567.8,1654.9,1699.98,1700.0,1717.62,1720.0,1737.21,1740.0,1742.0,1744.0,1800.0,100.0,800.0,900.0,400.0,1000.0,100.0,1200.0,3900.0,100.0,500.0,500.0,100.0,100.0,100.0,200.0,200.0,300.0,300.0,100.0
2023-03-20 09:22:34,600519.0,1916.2,1915.99,1829.1,1829.09,1828.92,1794.26,1760.5,1760.0,1752.0,1750.0,1567.8,1654.9,1699.98,1700.0,1717.62,1720.0,1737.21,1740.0,1742.0,1744.0,1800.0,100.0,800.0,900.0,400.0,1000.0,100.0,1200.0,3900.0,100.0,500.0,500.0,100.0,100.0,100.0,200.0,200.0,300.0,300.0,100.0
2023-03-20 09:22:35,600519.0,1916.2,1915.99,1829.1,1829.09,1828.92,1794.26,1760.5,1760.0,1752.0,1750.0,1567.8,1654.9,1699.98,1700.0,1717.62,1720.0,1737.21,1740.0,1742.0,1744.0,1800.0,100.0,800.0,900.0,400.0,1000.0,100.0,1200.0,3900.0,100.0,500.0,500.0,100.0,100.0,100.0,300.0,200.0,300.0,300.0,100.0
2023-03-20 09:22:36,600519.0,1916.2,1915.99,1829.1,1829.09,1828.92,1794.26,1760.5,1760.0,1752.0,1750.0,1567.8,1654.9,1699.98,1700.0,1717.62,1720.0,1737.21,1740.0,1742.0,1744.0,1800.0,100.0,1000.0,900.0,400.0,1000.0,100.0,1200.0,3900.0,100.0,500.0,500.0,100.0,100.0,100.0,300.0,200.0,300.0,300.0,100.0
2023-03-20 09:22:38,600519.0,1916.2,1915.99,1829.1,1829.09,1828.92,1794.26,1760.5,1760.0,1752.0,1750.0,1567.8,1654.9,1699.98,1700.0,1717.62,1720.0,1737.21,1740.0,1742.0,1744.0,1800.0,100.0,1000.0,900.0,400.0,1000.0,100.0,1200.0,3900.0,100.0,500.0,500.0,100.0,100.0,100.0,300.0,200.0,300.0,300.0,100.0
2023-03-20 09:22:40,600519.0,1916.2,1915.99,1829.1,1829.09,1828.92,1794.26,1760.5,1760.0,1752.0,1750.0,1567.8,1654.9,1699.98,1700.0,1717.62,1720.0,1737.21,1740.0,1742.0,1743.0,1800.0,100.0,1000.0,900.0,400.0,1000.0,100.0,1200.0,3900.0,100.0,500.0,500.0,100.0,100.0,100.0,300.0,200.0,300.0,300.0,100.0
2023-03-20 09:22:43,600519.0,1916.2,1915.99,1829.1,1829.09,1828.92,1794.26,1760.5,1760.0,1752.0,1750.0,1567.8,1654.9,1699.98,1700.0,1717.62,1720.0,1737.21,1740.0,1742.0,1743.0,1800.0,100.0,1000.0,900.0,400.0,1000.0,100.0,1200.0,3900.0,100.0,500.0,500.0,100.0,100.0,100.0,300.0,200.0,300.0,300.0,100.0
2023-03-20 09:22:44,600519.0,1916.2,1915.99,1829.1,1829.09,1828.92,1794.26,1760.5,1760.0,1752.0,1750.0,1567.8,1654.9,1699.98,1700.0,1717.62,1720.0,1737.21,1740.0,1742.0,1743.0,1800.0,100.0,1000.0,900.0,400.0,1000.0,100.0,1200.0,3900.0,100.0,500.0,500.0,100.0,100.0,100.0,300.0,200.0,300.0,300.0,100.0
2023-03-20 09:22:45,600519.0,1916.2,1915.99,1829.1,1829.09,1828.92,1794.26,1760.5,1760.0,1752.0,1750.0,1567.8,1654.9,1699.98,1700.0,1717.62,1720.0,1737.21,1740.0,1742.0,1743.0,1800.0,100.0,1000.0,900.0,400.0,1000.0,100.0,1200.0,3900.0,100.0,500.0,500.0,100.0,100.0,100.0,300.0,200.0,300.0,300.0,100.0
2023-03-20 09:22:46,600519.0,1916.2,1915.99,1829.1,1829.09,1828.92,1794.26,1760.5,1760.0,1752.0,1750.0,1567.8,1654.9,1699.98,1700.0,1717.62,1720.0,1737.21,1740.0,1742.0,1743.0,1800.0,100.0,1000.0,900.0,400.0,1000.0,100.0,1200.0,3900.0,100.0,500.0,500.0,100.0,100.0,100.0,300.0,200.0,300.0,300.0,100.0
2023-03-20 09:22:47,600519.0,1916.2,1915.99,1829.1,1829.09,1828.92,1794.26,1760.5,1760.0,1752.0,1750.0,1567.8,1654.9,1699.98,1700.0,1717.62,1720.0,1737.21,1740.0,1742.0,1743.0,1800.0,100.0,1000.0,900.0,400.0,1000.0,100.0,1200.0,3900.0,100.0,500.0,500.0,100.0,100.0,100.0,300.0,200.0,300.0,300.0,100.0
2023-03-20 09:22:49,600519.0,1916.2,1915.99,1829.1,1829.09,1828.92,1794.26,1760.5,1760.0,1752.0,1750.0,1567.8,1654.9,1699.98,1700.0,1717.62,1720.0,1737.21,1740.0,1742.0,1743.0,1800.0,100.0,1000.0,900.0,400.0,1000.0,100.0,1200.0,3900.0,100.0,500.0,500.0,100.0,100.0,100.0,300.0,200.0,300.0,300.0,100.0
2023-03-20 09:22:50,600519.0,1916.2,1915.99,1829.1,1829.09,1828.92,1794.26,1760.5,1760.0,1752.0,1750.0,1567.8,1654.9,1699.98,1700.0,1717.62,1720.0,1737.21,1740.0,1742.0,1743.0,1800.0,100.0,1000.0,900.0,400.0,1000.0,100.0,1200.0,3900.0,100.0,500.0,500.0,100.0,100.0,100.0,300.0,200.0,300.0,300.0,100.0
2023-03-20 09:22:51,600519.0,1916.2,1915.99,1829.1,1829.09,1828.92,1794.26,1760.5,1760.0,1752.0,1750.0,1567.8,1654.9,1699.98,1700.0,1717.62,1720.0,1737.21,1740.0,1742.0,1743.0,1800.0,100.0,1000.0,900.0,400.0,1000.0,100.0,1200.0,3900.0,100.0,500.0,500.0,100.0,100.0,100.0,300.0,200.0,300.0,300.0,100.0
2023-03-20 09:22:53,600519.0,1916.2,1915.99,1829.1,1829.09,1828.92,1794.26,1760.5,1760.0,1752.0,1750.0,1567.8,1654.9,1699.98,1700.0,1717.62,1720.0,1737.21,1740.0,1742.0,1743.0,1800.0,100.0,1000.0,900.0,400.0,1000.0,100.0,1200.0,3900.0,100.0,500.0,500.0,100.0,100.0,100.0,300.0,200.0,300.0,300.0,100.0
2023-03-20 09:22:54,600519.0,1916.2,1915.99,1829.1,1829.09,1828.92,1794.26,1760.5,1760.0,1752.0,1750.0,1567.8,1654.9,1699.98,1700.0,1717.62,1720.0,1737.21,1740.0,1742.0,1743.0,1800.0,100.0,1000.0,900.0,400.0,1000.0,100.0,1200.0,3900.0,100.0,500.0,500.0,100.0,100.0,100.0,300.0,200.0,300.0,300.0,100.0
2023-03-20 09:22:56,600519.0,1916.2,1915.99,1829.1,1829.09,1828.92,1794.26,1760.5,1760.0,1752.0,1750.0,1567.8,1654.9,1699.98,1700.0,1717.62,1720.0,1737.21,1740.0,1742.0,1743.0,1800.0,100.0,1000.0,900.0,400.0,1000.0,100.0,1200.0,3900.0,100.0,500.0,500.0,100.0,100.0,100.0,300.0,200.0,300.0,300.0,100.0
2023-03-20 09:22:58,600519.0,1916.2,1915.99,1829.1,1829.09,1828.92,1794.26,1760.5,1760.0,1752.0,1750.0,1567.8,1654.9,1699.98,1700.0,1717.62,1720.0,1737.21,1740.0,1742.0,1743.0,1800.0,100.0,1000.0,900.0,400.0,1000.0,100.0,1200.0,3900.0,100.0,500.0,500.0,100.0,100.0,100.0,300.0,200.0,300.0,300.0,100.0
2023-03-20 09:22:59,600519.0,1916.2,1915.99,1829.1,1829.09,1828.92,1794.26,1760.5,1760.0,1752.0,1750.0,1567.8,1654.9,1699.98,1700.0,1717.62,1720.0,1737.21,1740.0,1742.0,1743.0,1800.0,100.0,1000.0,900.0,400.0,1000.0,100.0,1200.0,3900.0,100.0,500.0,500.0,100.0,100.0,100.0,300.0,200.0,300.0,300.0,100.0
2023-03-20 09:23:03,600519.0,1916.2,1915.99,1829.1,1829.09,1828.92,1794.26,1760.5,1760.0,1752.0,1750.0,1567.8,1654.9,1699.98,1700.0,1717.62,1720.0,1737.21,1738.0,1740.0,1742.0,1800.0,100.0,1000.0,900.0,400.0,1000.0,100.0,1200.0,3900.0,200.0,500.0,500.0,100.0,100.0,100.0,300.0,200.0,100.0,300.0,300.0
2023-03-20 09:23:04,600519.0,1916.2,1915.99,1829.1,1829.09,1828.92,1794.26,1760.5,1760.0,1752.0,1750.0,1567.8,1654.9,1699.98,1700.0,1717.62,1720.0,1737.21,1738.0,1740.0,1742.0,1800.0,100.0,1000.0,900.0,400.0,1000.0,100.0,1200.0,3900.0,200.0,500.0,500.0,100.0,100.0,100.0,300.0,200.0,100.0,300.0,300.0
2023-03-20 09:23:05,600519.0,1916.2,1915.99,1829.1,1829.09,1828.92,1794.26,1760.5,1760.0,1752.0,1750.0,1567.8,1654.9,1699.98,1700.0,1717.62,1720.0,1737.21,1738.0,1740.0,1742.0,1800.0,100.0,1000.0,900.0,400.0,1000.0,100.0,1200.0,3900.0,200.0,500.0,700.0,100.0,100.0,100.0,300.0,200.0,100.0,300.0,300.0
2023-03-20 09:23:06,600519.0,1916.2,1915.99,1829.1,1829.09,1828.92,1794.26,1760.5,1760.0,1752.0,1750.0,1567.8,1654.9,1699.98,1700.0,1717.62,1720.0,1737.21,1738.0,1740.0,1742.0,1800.0,100.0,1000.0,900.0,400.0,1000.0,100.0,1200.0,3900.0,200.0,500.0,700.0,100.0,100.0,100.0,300.0,200.0,100.0,300.0,300.0
2023-03-20 09:23:09,600519.0,1916.2,1915.99,1829.1,1829.09,1828.92,1794.26,1760.5,1760.0,1752.0,1750.0,1567.8,1654.9,1699.98,1700.0,1717.62,1720.0,1737.21,1738.0,1740.0,1742.0,1800.0,100.0,1000.0,900.0,400.0,1000.0,100.0,1200.0,3900.0,200.0,500.0,700.0,100.0,100.0,100.0,300.0,200.0,100.0,300.0,300.0
2023-03-20 09:23:10,600519.0,1916.2,1915.99,1829.1,1829.09,1828.92,1794.26,1760.5,1760.0,1752.0,1750.0,1567.8,1654.9,1699.98,1700.0,1717.62,1720.0,1737.21,1738.0,1740.0,1742.0,1800.0,100.0,1000.0,900.0,400.0,1000.0,100.0,1200.0,3900.0,200.0,500.0,700.0,100.0,100.0,100.0,300.0,200.0,100.0,300.0,300.0
2023-03-20 09:23:11,600519.0,1916.2,1915.99,1829.1,1829.09,1828.92,1794.26,1760.5,1760.0,1752.0,1750.0,1567.8,1654.9,1699.98,1700.0,1717.62,1720.0,1737.21,1738.0,1740.0,1742.0,1800.0,100.0,1000.0,900.0,400.0,1000.0,100.0,1200.0,3900.0,200.0,500.0,700.0,100.0,100.0,100.0,300.0,200.0,100.0,300.0,300.0
2023-03-20 09:23:15,600519.0,1916.2,1915.99,1829.1,1829.09,1828.92,1794.26,1760.5,1760.0,1752.0,1750.0,1567.8,1654.9,1699.98,1700.0,1717.62,1720.0,1737.21,1738.0,1740.0,1742.0,1800.0,100.0,1000.0,900.0,400.0,1000.0,100.0,1200.0,3900.0,200.0,500.0,700.0,100.0,100.0,100.0,300.0,200.0,100.0,300.0,300.0
2023-03-20 09:23:16,600519.0,1916.2,1915.99,1829.1,1829.09,1828.92,1794.26,1760.5,1760.0,1752.0,1750.0,1567.8,1654.9,1699.98,1700.0,1717.62,1720.0,1737.21,1738.0,1740.0,1742.0,1800.0,100.0,1000.0,900.0,400.0,1000.0,100.0,1200.0,3900.0,200.0,500.0,700.0,100.0,100.0,100.0,300.0,200.0,100.0,300.0,300.0
2023-03-20 09:23:17,600519.0,1916.2,1915.99,1829.1,1829.09,1828.92,1794.26,1760.5,1760.0,1752.0,1750.0,1567.8,1654.9,1699.98,1700.0,1717.62,1720.0,1737.21,1738.0,1740.0,1742.0,1800.0,100.0,1000.0,900.0,400.0,1000.0,100.0,1200.0,3900.0,200.0,600.0,700.0,100.0,100.0,100.0,300.0,200.0,100.0,300.0,300.0
2023-03-20 09:23:18,600519.0,1916.2,1915.99,1829.1,1829.09,1828.92,1794.26,1760.5,1760.0,1752.0,1750.0,1567.8,1654.9,1699.98,1700.0,1717.62,1720.0,1737.21,1738.0,1740.0,1742.0,1800.0,100.0,1000.0,900.0,400.0,1000.0,100.0,1200.0,3900.0,200.0,600.0,700.0,100.0,100.0,100.0,300.0,200.0,100.0,300.0,300.0
2023-03-20 09:23:20,600519.0,1916.2,1915.99,1829.1,1829.09,1828.92,1794.26,1760.5,1760.0,1752.0,1750.0,1567.8,1654.9,1699.98,1700.0,1717.62,1720.0,1737.21,1738.0,1740.0,1742.0,1800.0,100.0,1000.0,900.0,400.0,1000.0,100.0,1200.0,3900.0,200.0,600.0,700.0,100.0,100.0,100.0,300.0,200.0,100.0,300.0,300.0
2023-03-20 09:23:23,600519.0,1916.2,1915.99,1829.1,1829.09,1828.92,1794.26,1760.5,1760.0,1752.0,1750.0,1567.8,1654.9,1699.98,1700.0,1717.62,1720.0,1737.21,1738.0,1740.0,1742.0,1800.0,100.0,1000.0,900.0,400.0,1000.0,100.0,1200.0,3900.0,200.0,600.0,700.0,100.0,100.0,100.0,300.0,200.0,100.0,300.0,300.0
2023-03-20 09:23:24,600519.0,1916.2,1915.99,1829.1,1829.09,1828.92,1794.26,1760.5,1760.0,1752.0,1750.0,1567.8,1654.9,1699.98,1700.0,1717.62,1720.0,1737.21,1738.0,1740.0,1742.0,1800.0,100.0,1000.0,900.0,400.0,1000.0,100.0,1200.0,3900.0,200.0,600.0,700.0,100.0,100.0,100.0,300.0,200.0,100.0,300.0,300.0
2023-03-20 09:23:25,600519.0,1916.2,1915.99,1829.1,1829.09,1828.92,1802.5,1794.26,1760.5,1760.0,1752.0,1567.8,1654.9,1699.98,1700.0,1717.62,1720.0,1737.21,1738.0,1740.0,1742.0,1800.0,100.0,1000.0,900.0,400.0,100.0,1000.0,100.0,1200.0,3900.0,600.0,700.0,100.0,100.0,100.0,300.0,200.0,100.0,300.0,300.0
2023-03-20 09:23:26,600519.0,1916.2,1915.99,1829.1,1829.09,1828.92,1802.5,1794.26,1760.5,1760.0,1752.0,1567.8,1654.9,1699.98,1700.0,1717.62,1720.0,1737.21,1738.0,1740.0,1742.0,1800.0,100.0,1000.0,900.0,400.0,100.0,1000.0,100.0,1200.0,3900.0,600.0,700.0,100.0,100.0,100.0,300.0,200.0,100.0,300.0,300.0
2023-03-20 09:23:27,600519.0,1916.2,1915.99,1829.1,1829.09,1828.92,1802.5,1794.26,1760.5,1760.0,1752.0,1567.8,1654.9,1699.98,1700.0,1717.62,1720.0,1737.21,1738.0,1740.0,1742.0,1800.0,100.0,1000.0,900.0,400.0,100.0,1000.0,100.0,1200.0,3900.0,600.0,700.0,100.0,100.0,100.0,300.0,200.0,100.0,400.0,300.0
2023-03-20 09:23:28,600519.0,1916.2,1915.99,1829.1,1829.09,1828.92,1802.5,1794.26,1760.5,1760.0,1752.0,1567.8,1654.9,1699.98,1700.0,1717.62,1720.0,1737.21,1738.0,1740.0,1742.0,1800.0,100.0,1000.0,900.0,400.0,100.0,1000.0,100.0,1200.0,3900.0,600.0,700.0,100.0,100.0,100.0,300.0,200.0,100.0,400.0,300.0
2023-03-20 09:23:29,600519.0,1916.2,1915.99,1829.1,1829.09,1828.92,1802.5,1794.26,1760.5,1760.0,1752.0,1567.8,1654.9,1697.5,1699.98,1700.0,1717.62,1720.0,1737.21,1738.0,1740.0,1800.0,100.0,1000.0,900.0,400.0,100.0,1000.0,100.0,1200.0,3900.0,600.0,700.0,100.0,100.0,100.0,100.0,300.0,200.0,100.0,400.0
2023-03-20 09:23:30,600519.0,1916.2,1915.99,1829.1,1829.09,1828.92,1802.5,1794.26,1760.5,1760.0,1752.0,1567.8,1654.9,1697.5,1699.98,1700.0,1717.62,1720.0,1737.21,1738.0,1740.0,1800.0,100.0,1000.0,900.0,400.0,100.0,1000.0,100.0,1200.0,3900.0,600.0,700.0,100.0,100.0,100.0,100.0,300.0,200.0,100.0,400.0
2023-03-20 09:23:31,600519.0,1916.2,1915.99,1829.1,1829.09,1828.92,1802.5,1794.26,1760.5,1760.0,1752.0,1567.8,1654.9,1697.5,1699.98,1700.0,1717.62,1720.0,1737.21,1738.0,1740.0,1800.0,100.0,1000.0,900.0,400.0,100.0,1000.0,100.0,1200.0,3900.0,600.0,700.0,200.0,100.0,100.0,100.0,300.0,200.0,100.0,400.0
2023-03-20 09:23:32,600519.0,1916.2,1915.99,1829.1,1829.09,1828.92,1802.5,1794.26,1760.5,1760.0,1752.0,1567.8,1654.9,1697.5,1699.98,1700.0,1717.62,1720.0,1737.21,1738.0,1740.0,1800.0,100.0,1000.0,900.0,400.0,100.0,1000.0,100.0,1200.0,3900.0,600.0,700.0,200.0,100.0,100.0,100.0,300.0,200.0,100.0,400.0
2023-03-20 09:23:33,600519.0,1916.2,1915.99,1829.1,1829.09,1828.92,1802.5,1794.26,1760.5,1760.0,1752.0,1567.8,1654.9,1697.5,1699.98,1700.0,1717.62,1720.0,1737.21,1738.0,1740.0,1800.0,100.0,1000.0,900.0,400.0,100.0,1000.0,100.0,1200.0,3900.0,600.0,700.0,200.0,100.0,100.0,100.0,300.0,200.0,100.0,400.0
2023-03-20 09:23:34,600519.0,1916.2,1915.99,1829.1,1829.09,1828.92,1802.5,1794.26,1760.5,1760.0,1752.0,1567.8,1654.9,1697.5,1699.98,1700.0,1717.62,1720.0,1737.21,1738.0,1740.0,1800.0,100.0,1000.0,900.0,400.0,200.0,1000.0,100.0,1200.0,3900.0,600.0,700.0,200.0,100.0,100.0,100.0,300.0,200.0,100.0,400.0
2023-03-20 09:23:35,600519.0,1916.2,1915.99,1829.1,1829.09,1828.92,1802.5,1794.26,1760.5,1760.0,1752.0,1567.8,1654.9,1697.5,1699.98,1700.0,1717.62,1720.0,1737.21,1738.0,1740.0,1800.0,100.0,1000.0,900.0,400.0,200.0,1000.0,100.0,1200.0,3900.0,600.0,700.0,200.0,100.0,100.0,100.0,300.0,200.0,100.0,400.0
2023-03-20 09:23:36,600519.0,1916.2,1915.99,1829.1,1829.09,1828.92,1802.5,1794.26,1760.5,1760.0,1752.0,1567.8,1654.9,1697.5,1699.98,1700.0,1717.62,1720.0,1737.21,1738.0,1740.0,1800.0,100.0,1000.0,900.0,400.0,200.0,1000.0,100.0,1200.0,3900.0,600.0,700.0,200.0,100.0,100.0,100.0,300.0,200.0,100.0,400.0
2023-03-20 09:23:37,600519.0,1916.2,1915.99,1829.1,1829.09,1828.92,1802.5,1794.26,1760.5,1760.0,1752.0,1567.8,1654.9,1697.5,1699.98,1700.0,1717.62,1720.0,1737.21,1738.0,1740.0,1800.0,100.0,1000.0,900.0,400.0,200.0,1000.0,100.0,1200.0,3900.0,600.0,700.0,200.0,100.0,100.0,100.0,300.0,200.0,100.0,400.0
2023-03-20 09:23:38,600519.0,1916.2,1915.99,1829.1,1829.09,1828.92,1802.5,1794.26,1760.5,1760.0,1752.0,1567.8,1654.9,1697.5,1699.98,1700.0,1717.62,1720.0,1737.21,1738.0,1740.0,1800.0,100.0,1000.0,900.0,400.0,200.0,1000.0,100.0,1200.0,3900.0,600.0,700.0,200.0,100.0,100.0,100.0,300.0,200.0,100.0,400.0
2023-03-20 09:23:39,600519.0,1916.2,1915.99,1829.1,1829.09,1828.92,1802.5,1794.26,1760.5,1760.0,1752.0,1567.8,1654.9,1697.5,1699.98,1700.0,1717.62,1720.0,1737.21,1738.0,1740.0,1800.0,100.0,1000.0,900.0,400.0,200.0,1000.0,100.0,1200.0,3900.0,600.0,700.0,200.0,100.0,100.0,100.0,300.0,200.0,100.0,700.0
