SecurityID,timestamp,bid1_price,ask1_price,midprice,spread
600519,2023-03-20 09:15:00,1600.77,,,
600519,2023-03-20 09:15:00.190000,1600.77,1911.0,1755.885,310.23
600519,2023-03-20 09:15:00.190000,1650.77,1911.0,1780.885,260.23
600519,2023-03-20 09:15:00.190000,1650.77,1844.0,1747.385,193.23000000000002
600519,2023-03-20 09:15:00.190000,1650.77,1774.0,1712.385,123.23000000000002
600519,2023-03-20 09:15:00.260000,1700.0,1774.0,1737.0,74.0
600519,2023-03-20 09:15:00.260000,1700.0,1774.0,1737.0,74.0
600519,2023-03-20 09:15:00.290000,1700.0,1774.0,1737.0,74.0
600519,2023-03-20 09:15:00.330000,1715.0,1774.0,1744.5,59.0
600519,2023-03-20 09:15:00.330000,1715.0,1774.0,1744.5,59.0
600519,2023-03-20 09:15:00.380000,1718.0,1774.0,1746.0,56.0
600519,2023-03-20 09:15:00.410000,1718.0,1774.0,1746.0,56.0
600519,2023-03-20 09:15:00.510000,1718.0,1765.0,1741.5,47.0
600519,2023-03-20 09:15:00.510000,1718.0,1765.0,1741.5,47.0
600519,2023-03-20 09:15:00.510000,1718.0,1765.0,1741.5,47.0
600519,2023-03-20 09:15:00.510000,1718.0,1765.0,1741.5,47.0
600519,2023-03-20 09:15:00.510000,1718.0,1765.0,1741.5,47.0
600519,2023-03-20 09:15:00.510000,1718.0,1765.0,1741.5,47.0
600519,2023-03-20 09:15:00.510000,1718.0,1765.0,1741.5,47.0
600519,2023-03-20 09:15:00.510000,1718.0,1765.0,1741.5,47.0
600519,2023-03-20 09:15:00.510000,1718.0,1765.0,1741.5,47.0
600519,2023-03-20 09:15:00.510000,1718.0,1765.0,1741.5,47.0
600519,2023-03-20 09:15:00.510000,1718.0,1760.0,1739.0,42.0
600519,2023-03-20 09:15:00.610000,1725.0,1760.0,1742.5,35.0
600519,2023-03-20 09:15:00.610000,1725.0,1756.0,1740.5,31.0
600519,2023-03-20 09:15:00.610000,1725.0,1756.0,1740.5,31.0
600519,2023-03-20 09:15:00.610000,1725.0,1756.0,1740.5,31.0
600519,2023-03-20 09:15:00.610000,1725.0,1756.0,1740.5,31.0
600519,2023-03-20 09:15:00.610000,1725.0,1756.0,1740.5,31.0
600519,2023-03-20 09:15:00.610000,1725.0,1756.0,1740.5,31.0
600519,2023-03-20 09:15:00.610000,1725.0,1756.0,1740.5,31.0
600519,2023-03-20 09:15:00.720000,1725.0,1756.0,1740.5,31.0
600519,2023-03-20 09:15:00.720000,1736.66,1756.0,1746.33,19.339999999999918
600519,2023-03-20 09:15:00.780000,1736.66,1756.0,1746.33,19.339999999999918
600519,2023-03-20 09:15:00.780000,1736.66,1756.0,1746.33,19.339999999999918
600519,2023-03-20 09:15:00.920000,1736.66,1756.0,1746.33,19.339999999999918
600519,2023-03-20 09:15:00.940000,1736.66,1756.0,1746.33,19.339999999999918
600519,2023-03-20 09:15:00.980000,1736.66,1756.0,1746.33,19.339999999999918
600519,2023-03-20 09:15:00.980000,1736.66,1756.0,1746.33,19.339999999999918
600519,2023-03-20 09:15:01.010000,1736.66,1756.0,1746.33,19.339999999999918
600519,2023-03-20 09:15:01.010000,1736.66,1756.0,1746.33,19.339999999999918
600519,2023-03-20 09:15:01.010000,1736.66,1756.0,1746.33,19.339999999999918
600519,2023-03-20 09:15:01.010000,1736.66,1756.0,1746.33,19.339999999999918
600519,2023-03-20 09:15:01.010000,1736.66,1756.0,1746.33,19.339999999999918
600519,2023-03-20 09:15:01.010000,1736.66,1756.0,1746.33,19.339999999999918
600519,2023-03-20 09:15:01.100000,1736.66,1756.0,1746.33,19.339999999999918
600519,2023-03-20 09:15:01.100000,1736.66,1756.0,1746.33,19.339999999999918
600519,2023-03-20 09:15:01.130000,1736.66,1756.0,1746.33,19.339999999999918
600519,2023-03-20 09:15:01.160000,1736.66,1755.0,1745.83,18.339999999999918
600519,2023-03-20 09:15:01.160000,1736.66,1755.0,1745.83,18.339999999999918
600519,2023-03-20 09:15:01.160000,1736.66,1755.0,1745.83,18.339999999999918
600519,2023-03-20 09:15:01.230000,1736.66,1755.0,1745.83,18.339999999999918
600519,2023-03-20 09:15:01.230000,1736.66,1755.0,1745.83,18.339999999999918
600519,2023-03-20 09:15:01.290000,1736.66,1755.0,1745.83,18.339999999999918
600519,2023-03-20 09:15:01.290000,1736.66,1755.0,1745.83,18.339999999999918
600519,2023-03-20 09:15:01.290000,1736.66,1755.0,1745.83,18.339999999999918
600519,2023-03-20 09:15:01.290000,1736.66,1755.0,1745.83,18.339999999999918
600519,2023-03-20 09:15:01.290000,1736.66,1755.0,1745.83,18.339999999999918
600519,2023-03-20 09:15:01.290000,1736.66,1755.0,1745.83,18.339999999999918
600519,2023-03-20 09:15:01.290000,1736.66,1755.0,1745.83,18.339999999999918
600519,2023-03-20 09:15:01.290000,1736.66,1755.0,1745.83,18.339999999999918
600519,2023-03-20 09:15:01.290000,1736.66,1755.0,1745.83,18.339999999999918
600519,2023-03-20 09:15:01.290000,1736.66,1755.0,1745.83,18.339999999999918
600519,2023-03-20 09:15:01.290000,1736.66,1755.0,1745.83,18.339999999999918
600519,2023-03-20 09:15:01.290000,1736.66,1755.0,1745.83,18.339999999999918
600519,2023-03-20 09:15:01.410000,1736.66,1755.0,1745.83,18.339999999999918
600519,2023-03-20 09:15:01.410000,1736.66,1755.0,1745.83,18.339999999999918
600519,2023-03-20 09:15:01.410000,1736.66,1755.0,1745.83,18.339999999999918
600519,2023-03-20 09:15:01.450000,1736.66,1755.0,1745.83,18.339999999999918
600519,2023-03-20 09:15:01.450000,1736.66,1755.0,1745.83,18.339999999999918
600519,2023-03-20 09:15:01.450000,1736.66,1755.0,1745.83,18.339999999999918
600519,2023-03-20 09:15:01.450000,1736.66,1755.0,1745.83,18.339999999999918
600519,2023-03-20 09:15:01.450000,1736.66,1755.0,1745.83,18.339999999999918
600519,2023-03-20 09:15:01.580000,1736.66,1755.0,1745.83,18.339999999999918
600519,2023-03-20 09:15:01.580000,1736.66,1755.0,1745.83,18.339999999999918
600519,2023-03-20 09:15:01.710000,1742.0,1755.0,1748.5,13.0
600519,2023-03-20 09:15:01.710000,1742.0,1755.0,1748.5,13.0
600519,2023-03-20 09:15:01.710000,1742.0,1755.0,1748.5,13.0
600519,2023-03-20 09:15:01.710000,1742.0,1755.0,1748.5,13.0
600519,2023-03-20 09:15:01.710000,1742.0,1755.0,1748.5,13.0
600519,2023-03-20 09:15:01.710000,1742.0,1755.0,1748.5,13.0
600519,2023-03-20 09:15:01.710000,1742.0,1755.0,1748.5,13.0
600519,2023-03-20 09:15:01.820000,1742.0,1755.0,1748.5,13.0
600519,2023-03-20 09:15:01.820000,1742.0,1755.0,1748.5,13.0
600519,2023-03-20 09:15:01.820000,1742.0,1755.0,1748.5,13.0
600519,2023-03-20 09:15:01.820000,1742.0,1755.0,1748.5,13.0
600519,2023-03-20 09:15:01.940000,1742.0,1755.0,1748.5,13.0
600519,2023-03-20 09:15:01.940000,1742.0,1755.0,1748.5,13.0
600519,2023-03-20 09:15:01.940000,1743.0,1755.0,1749.0,12.0
600519,2023-03-20 09:15:01.940000,1743.0,1755.0,1749.0,12.0
600519,2023-03-20 09:15:01.940000,1743.0,1755.0,1749.0,12.0
600519,2023-03-20 09:15:01.940000,1743.0,1755.0,1749.0,12.0
600519,2023-03-20 09:15:02.070000,1743.0,1755.0,1749.0,12.0
600519,2023-03-20 09:15:02.070000,1743.0,1755.0,1749.0,12.0
600519,2023-03-20 09:15:02.070000,1743.0,1755.0,1749.0,12.0
600519,2023-03-20 09:15:02.160000,1743.0,1755.0,1749.0,12.0
600519,2023-03-20 09:15:02.160000,1743.0,1755.0,1749.0,12.0
600519,2023-03-20 09:15:02.160000,1743.0,1755.0,1749.0,12.0
600519,2023-03-20 09:15:02.160000,1743.0,1755.0,1749.0,12.0
600519,2023-03-20 09:15:02.160000,1743.0,1755.0,1749.0,12.0
600519,2023-03-20 09:15:02.160000,1743.0,1755.0,1749.0,12.0
600519,2023-03-20 09:15:02.160000,1743.0,1755.0,1749.0,12.0
600519,2023-03-20 09:15:02.160000,1743.0,1755.0,1749.0,12.0
600519,2023-03-20 09:15:02.270000,1743.0,1755.0,1749.0,12.0
600519,2023-03-20 09:15:02.270000,1743.0,1755.0,1749.0,12.0
600519,2023-03-20 09:15:02.270000,1743.0,1755.0,1749.0,12.0
600519,2023-03-20 09:15:02.270000,1743.0,1755.0,1749.0,12.0
600519,2023-03-20 09:15:02.270000,1743.0,1755.0,1749.0,12.0
600519,2023-03-20 09:15:02.270000,1743.0,1755.0,1749.0,12.0
600519,2023-03-20 09:15:02.270000,1743.0,1755.0,1749.0,12.0
600519,2023-03-20 09:15:02.400000,1743.0,1755.0,1749.0,12.0
600519,2023-03-20 09:15:02.400000,1743.0,1755.0,1749.0,12.0
600519,2023-03-20 09:15:02.400000,1743.0,1755.0,1749.0,12.0
600519,2023-03-20 09:15:02.400000,1743.0,1755.0,1749.0,12.0
600519,2023-03-20 09:15:02.400000,1743.0,1755.0,1749.0,12.0
600519,2023-03-20 09:15:02.400000,1743.0,1755.0,1749.0,12.0
600519,2023-03-20 09:15:02.400000,1743.0,1755.0,1749.0,12.0
600519,2023-03-20 09:15:02.400000,1743.0,1755.0,1749.0,12.0
600519,2023-03-20 09:15:02.400000,1743.0,1755.0,1749.0,12.0
600519,2023-03-20 09:15:02.400000,1743.0,1755.0,1749.0,12.0
600519,2023-03-20 09:15:02.570000,1743.0,1755.0,1749.0,12.0
600519,2023-03-20 09:15:02.570000,1743.0,1755.0,1749.0,12.0
600519,2023-03-20 09:15:02.570000,1743.0,1755.0,1749.0,12.0
600519,2023-03-20 09:15:02.570000,1743.0,1755.0,1749.0,12.0
600519,2023-03-20 09:15:02.570000,1743.0,1755.0,1749.0,12.0
600519,2023-03-20 09:15:02.570000,1743.0,1755.0,1749.0,12.0
600519,2023-03-20 09:15:02.700000,1743.0,1755.0,1749.0,12.0
600519,2023-03-20 09:15:02.700000,1743.0,1755.0,1749.0,12.0
600519,2023-03-20 09:15:02.700000,1743.0,1755.0,1749.0,12.0
600519,2023-03-20 09:15:02.700000,1743.0,1755.0,1749.0,12.0
600519,2023-03-20 09:15:02.700000,1743.0,1755.0,1749.0,12.0
600519,2023-03-20 09:15:02.700000,1743.0,1755.0,1749.0,12.0
600519,2023-03-20 09:15:02.700000,1743.0,1755.0,1749.0,12.0
600519,2023-03-20 09:15:02.700000,1743.0,1755.0,1749.0,12.0
600519,2023-03-20 09:15:02.700000,1743.0,1755.0,1749.0,12.0
600519,2023-03-20 09:15:02.700000,1743.0,1755.0,1749.0,12.0
600519,2023-03-20 09:15:02.700000,1743.0,1755.0,1749.0,12.0
600519,2023-03-20 09:15:02.700000,1743.0,1755.0,1749.0,12.0
600519,2023-03-20 09:15:02.700000,1743.0,1755.0,1749.0,12.0
600519,2023-03-20 09:15:02.700000,1743.0,1755.0,1749.0,12.0
600519,2023-03-20 09:15:02.700000,1743.0,1755.0,1749.0,12.0
600519,2023-03-20 09:15:02.700000,1743.0,1755.0,1749.0,12.0
600519,2023-03-20 09:15:02.840000,1743.0,1755.0,1749.0,12.0
600519,2023-03-20 09:15:02.840000,1743.0,1755.0,1749.0,12.0
600519,2023-03-20 09:15:02.840000,1743.0,1755.0,1749.0,12.0
600519,2023-03-20 09:15:02.960000,1743.0,1755.0,1749.0,12.0
600519,2023-03-20 09:15:02.960000,1743.0,1755.0,1749.0,12.0
600519,2023-03-20 09:15:02.960000,1743.0,1755.0,1749.0,12.0
600519,2023-03-20 09:15:02.960000,1743.0,1755.0,1749.0,12.0
600519,2023-03-20 09:15:02.960000,1743.0,1755.0,1749.0,12.0
600519,2023-03-20 09:15:02.960000,1743.0,1755.0,1749.0,12.0
600519,2023-03-20 09:15:02.960000,1743.0,1755.0,1749.0,12.0
600519,2023-03-20 09:15:02.960000,1743.0,1755.0,1749.0,12.0
600519,2023-03-20 09:15:02.960000,1743.0,1755.0,1749.0,12.0
600519,2023-03-20 09:15:02.960000,1743.0,1755.0,1749.0,12.0
600519,2023-03-20 09:15:02.960000,1743.0,1755.0,1749.0,12.0
600519,2023-03-20 09:15:02.960000,1743.0,1755.0,1749.0,12.0
600519,2023-03-20 09:15:02.960000,1743.0,1755.0,1749.0,12.0
600519,2023-03-20 09:15:02.960000,1743.0,1755.0,1749.0,12.0
600519,2023-03-20 09:15:02.960000,1743.0,1755.0,1749.0,12.0
600519,2023-03-20 09:15:02.960000,1743.0,1755.0,1749.0,12.0
600519,2023-03-20 09:15:03.110000,1743.0,1755.0,1749.0,12.0
600519,2023-03-20 09:15:03.110000,1743.0,1755.0,1749.0,12.0
600519,2023-03-20 09:15:03.110000,1743.0,1755.0,1749.0,12.0
600519,2023-03-20 09:15:03.110000,1743.0,1755.0,1749.0,12.0
600519,2023-03-20 09:15:03.110000,1743.0,1755.0,1749.0,12.0
600519,2023-03-20 09:15:03.110000,1743.0,1755.0,1749.0,12.0
600519,2023-03-20 09:15:03.110000,1743.0,1755.0,1749.0,12.0
600519,2023-03-20 09:15:03.110000,1743.0,1755.0,1749.0,12.0
600519,2023-03-20 09:15:03.240000,1743.0,1755.0,1749.0,12.0
600519,2023-03-20 09:15:03.240000,1743.0,1755.0,1749.0,12.0
600519,2023-03-20 09:15:03.240000,1743.0,1755.0,1749.0,12.0
600519,2023-03-20 09:15:03.240000,1743.0,1755.0,1749.0,12.0
600519,2023-03-20 09:15:03.240000,1743.0,1755.0,1749.0,12.0
600519,2023-03-20 09:15:03.240000,1743.0,1755.0,1749.0,12.0
600519,2023-03-20 09:15:03.240000,1743.0,1755.0,1749.0,12.0
600519,2023-03-20 09:15:03.240000,1743.0,1755.0,1749.0,12.0
600519,2023-03-20 09:15:03.240000,1743.0,1755.0,1749.0,12.0
600519,2023-03-20 09:15:03.240000,1743.0,1755.0,1749.0,12.0
600519,2023-03-20 09:15:03.360000,1743.0,1755.0,1749.0,12.0
600519,2023-03-20 09:15:03.360000,1743.0,1755.0,1749.0,12.0
600519,2023-03-20 09:15:03.360000,1743.0,1755.0,1749.0,12.0
600519,2023-03-20 09:15:03.360000,1743.0,1755.0,1749.0,12.0
600519,2023-03-20 09:15:03.360000,1743.0,1755.0,1749.0,12.0
600519,2023-03-20 09:15:03.360000,1743.0,1755.0,1749.0,12.0
600519,2023-03-20 09:15:03.500000,1743.0,1755.0,1749.0,12.0
600519,2023-03-20 09:15:03.500000,1743.0,1755.0,1749.0,12.0
600519,2023-03-20 09:15:03.500000,1743.0,1755.0,1749.0,12.0
600519,2023-03-20 09:15:03.500000,1743.0,1755.0,1749.0,12.0
600519,2023-03-20 09:15:03.500000,1743.0,1755.0,1749.0,12.0
600519,2023-03-20 09:15:03.500000,1743.0,1755.0,1749.0,12.0
600519,2023-03-20 09:15:03.500000,1743.0,1699.98,1721.49,-43.01999999999998
600519,2023-03-20 09:15:03.500000,1743.0,1699.98,1721.49,-43.01999999999998
600519,2023-03-20 09:15:03.630000,1743.0,1699.98,1721.49,-43.01999999999998
600519,2023-03-20 09:15:03.630000,1743.0,1699.98,1721.49,-43.01999999999998
600519,2023-03-20 09:15:03.630000,1743.0,1699.98,1721.49,-43.01999999999998
600519,2023-03-20 09:15:03.630000,1743.0,1699.98,1721.49,-43.01999999999998
600519,2023-03-20 09:15:03.630000,1743.0,1699.98,1721.49,-43.01999999999998
600519,2023-03-20 09:15:03.630000,1743.0,1699.98,1721.49,-43.01999999999998
600519,2023-03-20 09:15:03.630000,1743.0,1699.98,1721.49,-43.01999999999998
600519,2023-03-20 09:15:03.630000,1743.0,1699.98,1721.49,-43.01999999999998
600519,2023-03-20 09:15:03.630000,1743.0,1699.98,1721.49,-43.01999999999998
600519,2023-03-20 09:15:03.630000,1743.0,1699.98,1721.49,-43.01999999999998
600519,2023-03-20 09:15:03.630000,1743.0,1699.98,1721.49,-43.01999999999998
600519,2023-03-20 09:15:03.760000,1743.0,1699.98,1721.49,-43.01999999999998
600519,2023-03-20 09:15:03.760000,1743.0,1699.98,1721.49,-43.01999999999998
600519,2023-03-20 09:15:03.760000,1743.0,1699.98,1721.49,-43.01999999999998
600519,2023-03-20 09:15:03.760000,1743.0,1699.98,1721.49,-43.01999999999998
600519,2023-03-20 09:15:03.760000,1743.0,1699.98,1721.49,-43.01999999999998
600519,2023-03-20 09:15:03.760000,1743.0,1699.98,1721.49,-43.01999999999998
600519,2023-03-20 09:15:03.890000,1743.0,1699.98,1721.49,-43.01999999999998
600519,2023-03-20 09:15:03.890000,1743.0,1699.98,1721.49,-43.01999999999998
600519,2023-03-20 09:15:04.020000,1743.0,1699.98,1721.49,-43.01999999999998
600519,2023-03-20 09:15:04.160000,1743.0,1699.98,1721.49,-43.01999999999998
600519,2023-03-20 09:15:04.290000,1743.0,1699.98,1721.49,-43.01999999999998
600519,2023-03-20 09:15:04.290000,1743.0,1699.98,1721.49,-43.01999999999998
600519,2023-03-20 09:15:04.290000,1743.0,1699.98,1721.49,-43.01999999999998
600519,2023-03-20 09:15:04.290000,1743.0,1699.98,1721.49,-43.01999999999998
600519,2023-03-20 09:15:04.290000,1743.0,1699.98,1721.49,-43.01999999999998
600519,2023-03-20 09:15:04.290000,1743.0,1699.98,1721.49,-43.01999999999998
600519,2023-03-20 09:15:04.290000,1743.0,1699.98,1721.49,-43.01999999999998
600519,2023-03-20 09:15:04.290000,1743.0,1699.98,1721.49,-43.01999999999998
600519,2023-03-20 09:15:04.290000,1743.0,1699.98,1721.49,-43.01999999999998
600519,2023-03-20 09:15:04.290000,1744.0,1699.98,1721.99,-44.01999999999998
600519,2023-03-20 09:15:04.290000,1744.0,1699.98,1721.99,-44.01999999999998
600519,2023-03-20 09:15:04.440000,1744.0,1699.98,1721.99,-44.01999999999998
600519,2023-03-20 09:15:04.440000,1744.0,1699.98,1721.99,-44.01999999999998
600519,2023-03-20 09:15:04.440000,1744.0,1699.98,1721.99,-44.01999999999998
600519,2023-03-20 09:15:04.440000,1744.0,1699.98,1721.99,-44.01999999999998
600519,2023-03-20 09:15:04.440000,1744.0,1699.98,1721.99,-44.01999999999998
600519,2023-03-20 09:15:04.440000,1744.0,1699.98,1721.99,-44.01999999999998
600519,2023-03-20 09:15:04.440000,1744.0,1699.98,1721.99,-44.01999999999998
600519,2023-03-20 09:15:04.440000,1744.0,1699.98,1721.99,-44.01999999999998
600519,2023-03-20 09:15:04.440000,1744.0,1699.98,1721.99,-44.01999999999998
600519,2023-03-20 09:15:04.440000,1744.0,1699.98,1721.99,-44.01999999999998
600519,2023-03-20 09:15:04.440000,1744.0,1699.98,1721.99,-44.01999999999998
600519,2023-03-20 09:15:04.440000,1744.0,1699.98,1721.99,-44.01999999999998
600519,2023-03-20 09:15:04.440000,1744.0,1699.98,1721.99,-44.01999999999998
600519,2023-03-20 09:15:04.440000,1744.0,1699.98,1721.99,-44.01999999999998
600519,2023-03-20 09:15:04.440000,1744.0,1699.98,1721.99,-44.01999999999998
600519,2023-03-20 09:15:04.440000,1744.0,1699.98,1721.99,-44.01999999999998
600519,2023-03-20 09:15:04.580000,1744.0,1699.98,1721.99,-44.01999999999998
600519,2023-03-20 09:15:04.580000,1744.0,1699.98,1721.99,-44.01999999999998
600519,2023-03-20 09:15:04.580000,1744.0,1699.98,1721.99,-44.01999999999998
600519,2023-03-20 09:15:04.580000,1744.0,1699.98,1721.99,-44.01999999999998
600519,2023-03-20 09:15:04.580000,1744.0,1699.98,1721.99,-44.01999999999998
600519,2023-03-20 09:15:04.580000,1744.0,1699.98,1721.99,-44.01999999999998
600519,2023-03-20 09:15:04.580000,1744.0,1699.98,1721.99,-44.01999999999998
600519,2023-03-20 09:15:04.580000,1744.0,1699.98,1721.99,-44.01999999999998
600519,2023-03-20 09:15:04.580000,1744.0,1699.98,1721.99,-44.01999999999998
600519,2023-03-20 09:15:04.580000,1744.0,1699.98,1721.99,-44.01999999999998
600519,2023-03-20 09:15:04.580000,1744.0,1699.98,1721.99,-44.01999999999998
600519,2023-03-20 09:15:04.580000,1744.0,1699.98,1721.99,-44.01999999999998
600519,2023-03-20 09:15:04.580000,1744.0,1699.98,1721.99,-44.01999999999998
600519,2023-03-20 09:15:04.580000,1744.0,1699.98,1721.99,-44.01999999999998
600519,2023-03-20 09:15:04.580000,1744.0,1699.98,1721.99,-44.01999999999998
600519,2023-03-20 09:15:04.580000,1744.0,1699.98,1721.99,-44.01999999999998
600519,2023-03-20 09:15:04.580000,1744.0,1699.98,1721.99,-44.01999999999998
600519,2023-03-20 09:15:04.580000,1744.0,1699.98,1721.99,-44.01999999999998
600519,2023-03-20 09:15:04.580000,1744.0,1699.98,1721.99,-44.01999999999998
600519,2023-03-20 09:15:04.580000,1744.0,1699.98,1721.99,-44.01999999999998
600519,2023-03-20 09:15:04.580000,1744.0,1699.98,1721.99,-44.01999999999998
600519,2023-03-20 09:15:04.580000,1744.0,1699.98,1721.99,-44.01999999999998
600519,2023-03-20 09:15:04.580000,1744.0,1699.98,1721.99,-44.01999999999998
600519,2023-03-20 09:15:04.580000,1744.0,1699.98,1721.99,-44.01999999999998
600519,2023-03-20 09:15:04.580000,1744.0,1699.98,1721.99,-44.01999999999998
600519,2023-03-20 09:15:04.580000,1744.0,1699.98,1721.99,-44.01999999999998
600519,2023-03-20 09:15:04.580000,1744.0,1699.98,1721.99,-44.01999999999998
600519,2023-03-20 09:15:04.580000,1744.0,1699.98,1721.99,-44.01999999999998
600519,2023-03-20 09:15:04.710000,1744.0,1699.98,1721.99,-44.01999999999998
600519,2023-03-20 09:15:04.710000,1744.0,1699.98,1721.99,-44.01999999999998
600519,2023-03-20 09:15:04.710000,1744.0,1699.98,1721.99,-44.01999999999998
600519,2023-03-20 09:15:04.710000,1744.0,1699.98,1721.99,-44.01999999999998
600519,2023-03-20 09:15:04.710000,1744.0,1699.98,1721.99,-44.01999999999998
600519,2023-03-20 09:15:04.710000,1744.0,1699.98,1721.99,-44.01999999999998
600519,2023-03-20 09:15:04.710000,1744.0,1699.98,1721.99,-44.01999999999998
600519,2023-03-20 09:15:04.710000,1744.0,1699.98,1721.99,-44.01999999999998
600519,2023-03-20 09:15:04.710000,1744.0,1699.98,1721.99,-44.01999999999998
600519,2023-03-20 09:15:04.710000,1744.0,1699.98,1721.99,-44.01999999999998
600519,2023-03-20 09:15:04.710000,1744.0,1699.98,1721.99,-44.01999999999998
600519,2023-03-20 09:15:04.710000,1744.0,1699.98,1721.99,-44.01999999999998
600519,2023-03-20 09:15:04.710000,1744.0,1699.98,1721.99,-44.01999999999998
600519,2023-03-20 09:15:04.710000,1744.0,1699.98,1721.99,-44.01999999999998
600519,2023-03-20 09:15:04.710000,1744.0,1699.98,1721.99,-44.01999999999998
600519,2023-03-20 09:15:04.840000,1744.0,1699.98,1721.99,-44.01999999999998
600519,2023-03-20 09:15:04.840000,1744.0,1699.98,1721.99,-44.01999999999998
600519,2023-03-20 09:15:04.840000,1744.0,1699.98,1721.99,-44.01999999999998
600519,2023-03-20 09:15:04.840000,1744.0,1699.98,1721.99,-44.01999999999998
600519,2023-03-20 09:15:04.840000,1744.0,1699.98,1721.99,-44.01999999999998
600519,2023-03-20 09:15:04.840000,1744.0,1699.98,1721.99,-44.01999999999998
600519,2023-03-20 09:15:04.840000,1744.0,1699.98,1721.99,-44.01999999999998
600519,2023-03-20 09:15:04.840000,1744.0,1699.98,1721.99,-44.01999999999998
600519,2023-03-20 09:15:04.840000,1744.0,1699.98,1721.99,-44.01999999999998
600519,2023-03-20 09:15:04.980000,1744.0,1699.98,1721.99,-44.01999999999998
600519,2023-03-20 09:15:04.980000,1744.0,1699.98,1721.99,-44.01999999999998
600519,2023-03-20 09:15:04.980000,1744.0,1699.98,1721.99,-44.01999999999998
600519,2023-03-20 09:15:04.980000,1744.0,1699.98,1721.99,-44.01999999999998
600519,2023-03-20 09:15:04.980000,1744.0,1699.98,1721.99,-44.01999999999998
600519,2023-03-20 09:15:04.980000,1744.0,1699.98,1721.99,-44.01999999999998
600519,2023-03-20 09:15:04.980000,1744.0,1699.98,1721.99,-44.01999999999998
600519,2023-03-20 09:15:04.980000,1744.0,1699.98,1721.99,-44.01999999999998
600519,2023-03-20 09:15:04.980000,1744.0,1699.98,1721.99,-44.01999999999998
600519,2023-03-20 09:15:04.980000,1744.0,1699.98,1721.99,-44.01999999999998
600519,2023-03-20 09:15:05.120000,1744.0,1699.98,1721.99,-44.01999999999998
600519,2023-03-20 09:15:05.120000,1744.0,1699.98,1721.99,-44.01999999999998
600519,2023-03-20 09:15:05.260000,1744.0,1699.98,1721.99,-44.01999999999998
600519,2023-03-20 09:15:05.260000,1744.0,1699.98,1721.99,-44.01999999999998
600519,2023-03-20 09:15:05.260000,1744.0,1699.98,1721.99,-44.01999999999998
600519,2023-03-20 09:15:05.260000,1744.0,1699.98,1721.99,-44.01999999999998
600519,2023-03-20 09:15:05.260000,1744.0,1699.98,1721.99,-44.01999999999998
600519,2023-03-20 09:15:05.260000,1744.0,1699.98,1721.99,-44.01999999999998
600519,2023-03-20 09:15:05.260000,1744.0,1699.98,1721.99,-44.01999999999998
600519,2023-03-20 09:15:05.260000,1744.0,1699.98,1721.99,-44.01999999999998
600519,2023-03-20 09:15:05.260000,1744.0,1699.98,1721.99,-44.01999999999998
600519,2023-03-20 09:15:05.260000,1744.0,1699.98,1721.99,-44.01999999999998
600519,2023-03-20 09:15:05.260000,1744.0,1699.98,1721.99,-44.01999999999998
600519,2023-03-20 09:15:05.260000,1744.0,1699.98,1721.99,-44.01999999999998
600519,2023-03-20 09:15:05.260000,1744.0,1699.98,1721.99,-44.01999999999998
600519,2023-03-20 09:15:05.260000,1744.0,1699.98,1721.99,-44.01999999999998
600519,2023-03-20 09:15:05.400000,1744.0,1699.98,1721.99,-44.01999999999998
600519,2023-03-20 09:15:05.400000,1744.0,1699.98,1721.99,-44.01999999999998
600519,2023-03-20 09:15:05.400000,1744.0,1699.98,1721.99,-44.01999999999998
600519,2023-03-20 09:15:05.400000,1744.0,1699.98,1721.99,-44.01999999999998
600519,2023-03-20 09:15:05.400000,1744.0,1699.98,1721.99,-44.01999999999998
600519,2023-03-20 09:15:05.400000,1744.0,1699.98,1721.99,-44.01999999999998
600519,2023-03-20 09:15:05.400000,1744.0,1699.98,1721.99,-44.01999999999998
600519,2023-03-20 09:15:05.400000,1744.0,1699.98,1721.99,-44.01999999999998
600519,2023-03-20 09:15:05.400000,1744.0,1699.98,1721.99,-44.01999999999998
600519,2023-03-20 09:15:05.400000,1744.0,1699.98,1721.99,-44.01999999999998
600519,2023-03-20 09:15:05.400000,1744.0,1699.98,1721.99,-44.01999999999998
600519,2023-03-20 09:15:05.400000,1744.0,1699.98,1721.99,-44.01999999999998
600519,2023-03-20 09:15:05.400000,1744.0,1699.98,1721.99,-44.01999999999998
600519,2023-03-20 09:15:05.400000,1744.0,1699.98,1721.99,-44.01999999999998
600519,2023-03-20 09:15:05.400000,1744.0,1699.98,1721.99,-44.01999999999998
600519,2023-03-20 09:15:05.400000,1744.0,1699.98,1721.99,-44.01999999999998
600519,2023-03-20 09:15:05.400000,1744.0,1699.98,1721.99,-44.01999999999998
600519,2023-03-20 09:15:05.400000,1744.0,1699.98,1721.99,-44.01999999999998
600519,2023-03-20 09:15:05.400000,1744.0,1699.98,1721.99,-44.01999999999998
600519,2023-03-20 09:15:05.400000,1744.0,1699.98,1721.99,-44.01999999999998
600519,2023-03-20 09:15:05.550000,1744.0,1699.98,1721.99,-44.01999999999998
600519,2023-03-20 09:15:05.550000,1744.0,1699.98,1721.99,-44.01999999999998
600519,2023-03-20 09:15:05.550000,1744.0,1699.98,1721.99,-44.01999999999998
600519,2023-03-20 09:15:05.550000,1744.0,1699.98,1721.99,-44.01999999999998
600519,2023-03-20 09:15:05.550000,1744.0,1699.98,1721.99,-44.01999999999998
600519,2023-03-20 09:15:05.550000,1744.0,1699.98,1721.99,-44.01999999999998
600519,2023-03-20 09:15:05.550000,1744.0,1699.98,1721.99,-44.01999999999998
600519,2023-03-20 09:15:05.550000,1744.0,1699.98,1721.99,-44.01999999999998
600519,2023-03-20 09:15:05.550000,1744.0,1699.98,1721.99,-44.01999999999998
600519,2023-03-20 09:15:05.550000,1744.0,1699.98,1721.99,-44.01999999999998
600519,2023-03-20 09:15:05.550000,1744.0,1699.98,1721.99,-44.01999999999998
600519,2023-03-20 09:15:05.550000,1744.0,1699.98,1721.99,-44.01999999999998
600519,2023-03-20 09:15:05.690000,1744.0,1699.98,1721.99,-44.01999999999998
600519,2023-03-20 09:15:05.690000,1744.0,1699.98,1721.99,-44.01999999999998
600519,2023-03-20 09:15:05.690000,1744.0,1699.98,1721.99,-44.01999999999998
600519,2023-03-20 09:15:05.690000,1744.0,1699.98,1721.99,-44.01999999999998
600519,2023-03-20 09:15:05.690000,1744.0,1699.98,1721.99,-44.01999999999998
600519,2023-03-20 09:15:05.690000,1744.0,1699.98,1721.99,-44.01999999999998
600519,2023-03-20 09:15:05.690000,1744.0,1699.98,1721.99,-44.01999999999998
600519,2023-03-20 09:15:05.690000,1744.0,1699.98,1721.99,-44.01999999999998
600519,2023-03-20 09:15:05.830000,1744.0,1699.98,1721.99,-44.01999999999998
600519,2023-03-20 09:15:05.830000,1744.0,1699.98,1721.99,-44.01999999999998
600519,2023-03-20 09:15:05.830000,1744.0,1699.98,1721.99,-44.01999999999998
600519,2023-03-20 09:15:05.840000,1744.0,1699.98,1721.99,-44.01999999999998
600519,2023-03-20 09:15:05.840000,1744.0,1699.98,1721.99,-44.01999999999998
600519,2023-03-20 09:15:05.840000,1744.0,1699.98,1721.99,-44.01999999999998
600519,2023-03-20 09:15:05.840000,1744.0,1699.98,1721.99,-44.01999999999998
600519,2023-03-20 09:15:05.840000,1744.0,1699.98,1721.99,-44.01999999999998
600519,2023-03-20 09:15:05.840000,1744.0,1699.98,1721.99,-44.01999999999998
600519,2023-03-20 09:15:05.840000,1744.0,1699.98,1721.99,-44.01999999999998
600519,2023-03-20 09:15:05.840000,1744.0,1699.98,1721.99,-44.01999999999998
600519,2023-03-20 09:15:05.840000,1744.0,1699.98,1721.99,-44.01999999999998
600519,2023-03-20 09:15:05.980000,1744.0,1699.98,1721.99,-44.01999999999998
600519,2023-03-20 09:15:06.020000,1744.0,1699.98,1721.99,-44.01999999999998
600519,2023-03-20 09:15:06.020000,1744.0,1699.98,1721.99,-44.01999999999998
600519,2023-03-20 09:15:06.020000,1744.0,1699.98,1721.99,-44.01999999999998
600519,2023-03-20 09:15:06.020000,1744.0,1699.98,1721.99,-44.01999999999998
600519,2023-03-20 09:15:06.020000,1744.0,1699.98,1721.99,-44.01999999999998
600519,2023-03-20 09:15:06.020000,1744.0,1699.98,1721.99,-44.01999999999998
600519,2023-03-20 09:15:06.020000,1744.0,1699.98,1721.99,-44.01999999999998
600519,2023-03-20 09:15:06.020000,1744.0,1699.98,1721.99,-44.01999999999998
600519,2023-03-20 09:15:06.180000,1744.0,1699.98,1721.99,-44.01999999999998
600519,2023-03-20 09:15:06.180000,1744.0,1699.98,1721.99,-44.01999999999998
600519,2023-03-20 09:15:06.180000,1744.0,1699.98,1721.99,-44.01999999999998
600519,2023-03-20 09:15:06.180000,1744.0,1699.98,1721.99,-44.01999999999998
600519,2023-03-20 09:15:06.180000,1744.0,1699.98,1721.99,-44.01999999999998
600519,2023-03-20 09:15:06.180000,1744.0,1699.98,1721.99,-44.01999999999998
600519,2023-03-20 09:15:06.180000,1744.0,1699.98,1721.99,-44.01999999999998
600519,2023-03-20 09:15:06.180000,1744.0,1699.98,1721.99,-44.01999999999998
600519,2023-03-20 09:15:06.180000,1744.0,1699.98,1721.99,-44.01999999999998
600519,2023-03-20 09:15:06.320000,1744.0,1699.98,1721.99,-44.01999999999998
600519,2023-03-20 09:15:06.320000,1744.0,1699.98,1721.99,-44.01999999999998
600519,2023-03-20 09:15:06.320000,1744.0,1699.98,1721.99,-44.01999999999998
600519,2023-03-20 09:15:06.320000,1744.0,1699.98,1721.99,-44.01999999999998
600519,2023-03-20 09:15:06.320000,1744.0,1699.98,1721.99,-44.01999999999998
600519,2023-03-20 09:15:06.320000,1744.0,1699.98,1721.99,-44.01999999999998
600519,2023-03-20 09:15:06.320000,1744.0,1699.98,1721.99,-44.01999999999998
600519,2023-03-20 09:15:06.320000,1744.0,1699.98,1721.99,-44.01999999999998
600519,2023-03-20 09:15:06.320000,1744.0,1699.98,1721.99,-44.01999999999998
600519,2023-03-20 09:15:06.320000,1744.0,1699.98,1721.99,-44.01999999999998
600519,2023-03-20 09:15:06.320000,1744.0,1699.98,1721.99,-44.01999999999998
600519,2023-03-20 09:15:06.320000,1744.0,1699.98,1721.99,-44.01999999999998
600519,2023-03-20 09:15:06.320000,1744.0,1699.98,1721.99,-44.01999999999998
600519,2023-03-20 09:15:06.320000,1744.0,1699.98,1721.99,-44.01999999999998
600519,2023-03-20 09:15:06.320000,1744.0,1699.98,1721.99,-44.01999999999998
600519,2023-03-20 09:15:06.320000,1744.0,1699.98,1721.99,-44.01999999999998
600519,2023-03-20 09:15:06.320000,1744.0,1699.98,1721.99,-44.01999999999998
600519,2023-03-20 09:15:06.320000,1744.0,1699.98,1721.99,-44.01999999999998
600519,2023-03-20 09:15:06.470000,1744.0,1699.98,1721.99,-44.01999999999998
600519,2023-03-20 09:15:06.470000,1744.0,1699.98,1721.99,-44.01999999999998
600519,2023-03-20 09:15:06.470000,1744.0,1699.98,1721.99,-44.01999999999998
600519,2023-03-20 09:15:06.470000,1744.0,1699.98,1721.99,-44.01999999999998
600519,2023-03-20 09:15:06.470000,1744.0,1699.98,1721.99,-44.01999999999998
600519,2023-03-20 09:15:06.470000,1744.0,1699.98,1721.99,-44.01999999999998
600519,2023-03-20 09:15:06.470000,1744.0,1699.98,1721.99,-44.01999999999998
600519,2023-03-20 09:15:06.470000,1744.0,1699.98,1721.99,-44.01999999999998
600519,2023-03-20 09:15:06.470000,1744.0,1699.98,1721.99,-44.01999999999998
600519,2023-03-20 09:15:06.470000,1744.0,1699.98,1721.99,-44.01999999999998
600519,2023-03-20 09:15:06.470000,1744.0,1699.98,1721.99,-44.01999999999998
600519,2023-03-20 09:15:06.470000,1744.0,1699.98,1721.99,-44.01999999999998
600519,2023-03-20 09:15:06.640000,1744.0,1699.98,1721.99,-44.01999999999998
600519,2023-03-20 09:15:06.640000,1744.0,1699.98,1721.99,-44.01999999999998
600519,2023-03-20 09:15:06.640000,1744.0,1699.98,1721.99,-44.01999999999998
600519,2023-03-20 09:15:06.640000,1744.0,1699.98,1721.99,-44.01999999999998
600519,2023-03-20 09:15:06.640000,1744.0,1699.98,1721.99,-44.01999999999998
600519,2023-03-20 09:15:06.640000,1744.0,1699.98,1721.99,-44.01999999999998
600519,2023-03-20 09:15:06.640000,1744.0,1699.98,1721.99,-44.01999999999998
600519,2023-03-20 09:15:06.640000,1744.0,1699.98,1721.99,-44.01999999999998
600519,2023-03-20 09:15:06.640000,1744.0,1699.98,1721.99,-44.01999999999998
600519,2023-03-20 09:15:06.640000,1744.0,1699.98,1721.99,-44.01999999999998
600519,2023-03-20 09:15:06.640000,1744.0,1699.98,1721.99,-44.01999999999998
600519,2023-03-20 09:15:06.640000,1744.0,1699.98,1721.99,-44.01999999999998
600519,2023-03-20 09:15:06.790000,1744.0,1699.98,1721.99,-44.01999999999998
600519,2023-03-20 09:15:06.790000,1744.0,1699.98,1721.99,-44.01999999999998
600519,2023-03-20 09:15:06.790000,1744.0,1699.98,1721.99,-44.01999999999998
600519,2023-03-20 09:15:06.790000,1744.0,1699.98,1721.99,-44.01999999999998
600519,2023-03-20 09:15:06.790000,1744.0,1699.98,1721.99,-44.01999999999998
600519,2023-03-20 09:15:06.790000,1744.0,1699.98,1721.99,-44.01999999999998
600519,2023-03-20 09:15:06.790000,1744.0,1699.98,1721.99,-44.01999999999998
600519,2023-03-20 09:15:06.790000,1744.0,1699.98,1721.99,-44.01999999999998
600519,2023-03-20 09:15:06.790000,1744.0,1699.98,1721.99,-44.01999999999998
600519,2023-03-20 09:15:06.790000,1744.0,1699.98,1721.99,-44.01999999999998
600519,2023-03-20 09:15:06.790000,1744.0,1699.98,1721.99,-44.01999999999998
600519,2023-03-20 09:15:06.790000,1744.0,1699.98,1721.99,-44.01999999999998
600519,2023-03-20 09:15:06.790000,1744.0,1699.98,1721.99,-44.01999999999998
600519,2023-03-20 09:15:06.950000,1744.0,1699.98,1721.99,-44.01999999999998
600519,2023-03-20 09:15:06.950000,1744.0,1699.98,1721.99,-44.01999999999998
600519,2023-03-20 09:15:06.950000,1744.0,1699.98,1721.99,-44.01999999999998
600519,2023-03-20 09:15:06.950000,1744.0,1699.98,1721.99,-44.01999999999998
600519,2023-03-20 09:15:06.950000,1744.0,1699.98,1721.99,-44.01999999999998
600519,2023-03-20 09:15:06.950000,1744.0,1699.98,1721.99,-44.01999999999998
600519,2023-03-20 09:15:06.950000,1744.0,1699.98,1721.99,-44.01999999999998
600519,2023-03-20 09:15:06.990000,1744.0,1699.98,1721.99,-44.01999999999998
600519,2023-03-20 09:15:06.990000,1744.0,1699.98,1721.99,-44.01999999999998
600519,2023-03-20 09:15:06.990000,1744.0,1699.98,1721.99,-44.01999999999998
600519,2023-03-20 09:15:06.990000,1915.99,1699.98,1807.9850000000001,-216.01
600519,2023-03-20 09:15:06.990000,1915.99,1699.98,1807.9850000000001,-216.01
600519,2023-03-20 09:15:06.990000,1915.99,1699.98,1807.9850000000001,-216.01
600519,2023-03-20 09:15:06.990000,1915.99,1699.98,1807.9850000000001,-216.01
600519,2023-03-20 09:15:06.990000,1915.99,1699.98,1807.9850000000001,-216.01
600519,2023-03-20 09:15:06.990000,1915.99,1699.98,1807.9850000000001,-216.01
600519,2023-03-20 09:15:06.990000,1915.99,1699.98,1807.9850000000001,-216.01
600519,2023-03-20 09:15:06.990000,1915.99,1699.98,1807.9850000000001,-216.01
600519,2023-03-20 09:15:06.990000,1915.99,1699.98,1807.9850000000001,-216.01
600519,2023-03-20 09:15:06.990000,1915.99,1699.98,1807.9850000000001,-216.01
600519,2023-03-20 09:15:06.990000,1915.99,1699.98,1807.9850000000001,-216.01
600519,2023-03-20 09:15:06.990000,1915.99,1699.98,1807.9850000000001,-216.01
600519,2023-03-20 09:15:06.990000,1915.99,1699.98,1807.9850000000001,-216.01
600519,2023-03-20 09:15:06.990000,1915.99,1699.98,1807.9850000000001,-216.01
600519,2023-03-20 09:15:06.990000,1915.99,1699.98,1807.9850000000001,-216.01
600519,2023-03-20 09:15:06.990000,1915.99,1699.98,1807.9850000000001,-216.01
600519,2023-03-20 09:15:06.990000,1915.99,1699.98,1807.9850000000001,-216.01
600519,2023-03-20 09:15:07.150000,1915.99,1699.98,1807.9850000000001,-216.01
600519,2023-03-20 09:15:07.210000,1915.99,1699.98,1807.9850000000001,-216.01
600519,2023-03-20 09:15:07.210000,1915.99,1699.98,1807.9850000000001,-216.01
600519,2023-03-20 09:15:07.210000,1915.99,1699.98,1807.9850000000001,-216.01
600519,2023-03-20 09:15:07.210000,1915.99,1699.98,1807.9850000000001,-216.01
600519,2023-03-20 09:15:07.210000,1915.99,1699.98,1807.9850000000001,-216.01
600519,2023-03-20 09:15:07.210000,1915.99,1699.98,1807.9850000000001,-216.01
600519,2023-03-20 09:15:07.210000,1915.99,1699.98,1807.9850000000001,-216.01
600519,2023-03-20 09:15:07.210000,1915.99,1699.98,1807.9850000000001,-216.01
600519,2023-03-20 09:15:07.210000,1915.99,1699.98,1807.9850000000001,-216.01
600519,2023-03-20 09:15:07.210000,1915.99,1699.98,1807.9850000000001,-216.01
600519,2023-03-20 09:15:07.210000,1915.99,1699.98,1807.9850000000001,-216.01
600519,2023-03-20 09:15:07.210000,1915.99,1699.98,1807.9850000000001,-216.01
600519,2023-03-20 09:15:07.210000,1915.99,1699.98,1807.9850000000001,-216.01
600519,2023-03-20 09:15:07.210000,1915.99,1699.98,1807.9850000000001,-216.01
600519,2023-03-20 09:15:07.210000,1915.99,1699.98,1807.9850000000001,-216.01
600519,2023-03-20 09:15:07.340000,1915.99,1699.98,1807.9850000000001,-216.01
600519,2023-03-20 09:15:07.340000,1915.99,1699.98,1807.9850000000001,-216.01
600519,2023-03-20 09:15:07.340000,1915.99,1699.98,1807.9850000000001,-216.01
600519,2023-03-20 09:15:07.340000,1915.99,1699.98,1807.9850000000001,-216.01
600519,2023-03-20 09:15:07.340000,1915.99,1699.98,1807.9850000000001,-216.01
600519,2023-03-20 09:15:07.340000,1915.99,1699.98,1807.9850000000001,-216.01
600519,2023-03-20 09:15:07.340000,1915.99,1699.98,1807.9850000000001,-216.01
600519,2023-03-20 09:15:07.340000,1915.99,1699.98,1807.9850000000001,-216.01
600519,2023-03-20 09:15:07.340000,1915.99,1699.98,1807.9850000000001,-216.01
600519,2023-03-20 09:15:07.340000,1915.99,1699.98,1807.9850000000001,-216.01
600519,2023-03-20 09:15:07.340000,1915.99,1699.98,1807.9850000000001,-216.01
600519,2023-03-20 09:15:07.340000,1915.99,1699.98,1807.9850000000001,-216.01
600519,2023-03-20 09:15:07.340000,1915.99,1699.98,1807.9850000000001,-216.01
600519,2023-03-20 09:15:07.340000,1915.99,1699.98,1807.9850000000001,-216.01
600519,2023-03-20 09:15:07.340000,1915.99,1699.98,1807.9850000000001,-216.01
600519,2023-03-20 09:15:07.340000,1915.99,1699.98,1807.9850000000001,-216.01
600519,2023-03-20 09:15:07.340000,1915.99,1699.98,1807.9850000000001,-216.01
600519,2023-03-20 09:15:07.340000,1915.99,1699.98,1807.9850000000001,-216.01
600519,2023-03-20 09:15:07.500000,1915.99,1699.98,1807.9850000000001,-216.01
600519,2023-03-20 09:15:07.500000,1915.99,1699.98,1807.9850000000001,-216.01
600519,2023-03-20 09:15:07.500000,1915.99,1699.98,1807.9850000000001,-216.01
600519,2023-03-20 09:15:07.500000,1915.99,1699.98,1807.9850000000001,-216.01
600519,2023-03-20 09:15:07.500000,1915.99,1699.98,1807.9850000000001,-216.01
600519,2023-03-20 09:15:07.630000,1915.99,1699.98,1807.9850000000001,-216.01
600519,2023-03-20 09:15:07.630000,1915.99,1699.98,1807.9850000000001,-216.01
600519,2023-03-20 09:15:07.630000,1915.99,1699.98,1807.9850000000001,-216.01
600519,2023-03-20 09:15:07.630000,1915.99,1699.98,1807.9850000000001,-216.01
600519,2023-03-20 09:15:07.630000,1915.99,1699.98,1807.9850000000001,-216.01
600519,2023-03-20 09:15:07.630000,1915.99,1699.98,1807.9850000000001,-216.01
600519,2023-03-20 09:15:07.630000,1915.99,1699.98,1807.9850000000001,-216.01
600519,2023-03-20 09:15:07.780000,1915.99,1699.98,1807.9850000000001,-216.01
600519,2023-03-20 09:15:07.780000,1915.99,1699.98,1807.9850000000001,-216.01
600519,2023-03-20 09:15:07.780000,1915.99,1699.98,1807.9850000000001,-216.01
600519,2023-03-20 09:15:07.780000,1915.99,1699.98,1807.9850000000001,-216.01
600519,2023-03-20 09:15:07.780000,1915.99,1699.98,1807.9850000000001,-216.01
600519,2023-03-20 09:15:07.780000,1915.99,1699.98,1807.9850000000001,-216.01
600519,2023-03-20 09:15:07.780000,1915.99,1699.98,1807.9850000000001,-216.01
600519,2023-03-20 09:15:07.780000,1915.99,1699.98,1807.9850000000001,-216.01
600519,2023-03-20 09:15:07.780000,1915.99,1699.98,1807.9850000000001,-216.01
600519,2023-03-20 09:15:07.920000,1915.99,1699.98,1807.9850000000001,-216.01
600519,2023-03-20 09:15:07.920000,1915.99,1699.98,1807.9850000000001,-216.01
600519,2023-03-20 09:15:07.920000,1915.99,1699.98,1807.9850000000001,-216.01
600519,2023-03-20 09:15:07.920000,1915.99,1699.98,1807.9850000000001,-216.01
600519,2023-03-20 09:15:07.920000,1915.99,1699.98,1807.9850000000001,-216.01
600519,2023-03-20 09:15:07.920000,1915.99,1699.98,1807.9850000000001,-216.01
600519,2023-03-20 09:15:07.920000,1915.99,1699.98,1807.9850000000001,-216.01
600519,2023-03-20 09:15:08.090000,1915.99,1699.98,1807.9850000000001,-216.01
600519,2023-03-20 09:15:08.090000,1915.99,1699.98,1807.9850000000001,-216.01
600519,2023-03-20 09:15:08.090000,1915.99,1699.98,1807.9850000000001,-216.01
600519,2023-03-20 09:15:08.090000,1915.99,1699.98,1807.9850000000001,-216.01
600519,2023-03-20 09:15:08.090000,1915.99,1699.98,1807.9850000000001,-216.01
600519,2023-03-20 09:15:08.090000,1915.99,1699.98,1807.9850000000001,-216.01
600519,2023-03-20 09:15:08.090000,1915.99,1699.98,1807.9850000000001,-216.01
600519,2023-03-20 09:15:08.090000,1915.99,1699.98,1807.9850000000001,-216.01
600519,2023-03-20 09:15:08.090000,1915.99,1699.98,1807.9850000000001,-216.01
600519,2023-03-20 09:15:08.240000,1915.99,1699.98,1807.9850000000001,-216.01
600519,2023-03-20 09:15:08.240000,1915.99,1699.98,1807.9850000000001,-216.01
600519,2023-03-20 09:15:08.240000,1915.99,1567.8,1741.895,-348.19000000000005
600519,2023-03-20 09:15:08.240000,1915.99,1567.8,1741.895,-348.19000000000005
600519,2023-03-20 09:15:08.240000,1915.99,1567.8,1741.895,-348.19000000000005
600519,2023-03-20 09:15:08.240000,1915.99,1567.8,1741.895,-348.19000000000005
600519,2023-03-20 09:15:08.240000,1915.99,1567.8,1741.895,-348.19000000000005
600519,2023-03-20 09:15:08.240000,1915.99,1567.8,1741.895,-348.19000000000005
600519,2023-03-20 09:15:08.240000,1915.99,1567.8,1741.895,-348.19000000000005
600519,2023-03-20 09:15:08.240000,1915.99,1567.8,1741.895,-348.19000000000005
600519,2023-03-20 09:15:08.240000,1915.99,1567.8,1741.895,-348.19000000000005
600519,2023-03-20 09:15:08.320000,1915.99,1567.8,1741.895,-348.19000000000005
600519,2023-03-20 09:15:08.320000,1915.99,1567.8,1741.895,-348.19000000000005
600519,2023-03-20 09:15:08.320000,1915.99,1567.8,1741.895,-348.19000000000005
600519,2023-03-20 09:15:08.320000,1915.99,1567.8,1741.895,-348.19000000000005
600519,2023-03-20 09:15:08.320000,1915.99,1567.8,1741.895,-348.19000000000005
600519,2023-03-20 09:15:08.320000,1915.99,1567.8,1741.895,-348.19000000000005
600519,2023-03-20 09:15:08.320000,1915.99,1567.8,1741.895,-348.19000000000005
600519,2023-03-20 09:15:08.320000,1915.99,1567.8,1741.895,-348.19000000000005
600519,2023-03-20 09:15:08.320000,1915.99,1567.8,1741.895,-348.19000000000005
600519,2023-03-20 09:15:08.320000,1915.99,1567.8,1741.895,-348.19000000000005
600519,2023-03-20 09:15:08.320000,1915.99,1567.8,1741.895,-348.19000000000005
600519,2023-03-20 09:15:08.320000,1915.99,1567.8,1741.895,-348.19000000000005
600519,2023-03-20 09:15:08.320000,1915.99,1567.8,1741.895,-348.19000000000005
600519,2023-03-20 09:15:08.320000,1915.99,1567.8,1741.895,-348.19000000000005
600519,2023-03-20 09:15:08.470000,1915.99,1567.8,1741.895,-348.19000000000005
600519,2023-03-20 09:15:08.470000,1915.99,1567.8,1741.895,-348.19000000000005
600519,2023-03-20 09:15:08.520000,1915.99,1567.8,1741.895,-348.19000000000005
600519,2023-03-20 09:15:08.520000,1915.99,1567.8,1741.895,-348.19000000000005
600519,2023-03-20 09:15:08.560000,1915.99,1567.8,1741.895,-348.19000000000005
600519,2023-03-20 09:15:08.560000,1915.99,1567.8,1741.895,-348.19000000000005
600519,2023-03-20 09:15:08.560000,1915.99,1567.8,1741.895,-348.19000000000005
600519,2023-03-20 09:15:08.560000,1915.99,1567.8,1741.895,-348.19000000000005
600519,2023-03-20 09:15:08.560000,1915.99,1567.8,1741.895,-348.19000000000005
600519,2023-03-20 09:15:08.560000,1915.99,1567.8,1741.895,-348.19000000000005
600519,2023-03-20 09:15:08.560000,1915.99,1567.8,1741.895,-348.19000000000005
600519,2023-03-20 09:15:08.560000,1915.99,1567.8,1741.895,-348.19000000000005
600519,2023-03-20 09:15:08.560000,1915.99,1567.8,1741.895,-348.19000000000005
600519,2023-03-20 09:15:08.560000,1915.99,1567.8,1741.895,-348.19000000000005
600519,2023-03-20 09:15:08.560000,1915.99,1567.8,1741.895,-348.19000000000005
600519,2023-03-20 09:15:08.560000,1915.99,1567.8,1741.895,-348.19000000000005
600519,2023-03-20 09:15:08.560000,1915.99,1567.8,1741.895,-348.19000000000005
600519,2023-03-20 09:15:08.560000,1915.99,1567.8,1741.895,-348.19000000000005
600519,2023-03-20 09:15:08.560000,1915.99,1567.8,1741.895,-348.19000000000005
600519,2023-03-20 09:15:08.560000,1915.99,1567.8,1741.895,-348.19000000000005
600519,2023-03-20 09:15:08.560000,1915.99,1567.8,1741.895,-348.19000000000005
600519,2023-03-20 09:15:08.710000,1915.99,1567.8,1741.895,-348.19000000000005
600519,2023-03-20 09:15:08.710000,1915.99,1567.8,1741.895,-348.19000000000005
600519,2023-03-20 09:15:08.710000,1915.99,1567.8,1741.895,-348.19000000000005
600519,2023-03-20 09:15:08.710000,1915.99,1567.8,1741.895,-348.19000000000005
600519,2023-03-20 09:15:08.710000,1915.99,1567.8,1741.895,-348.19000000000005
600519,2023-03-20 09:15:08.710000,1915.99,1567.8,1741.895,-348.19000000000005
600519,2023-03-20 09:15:08.710000,1915.99,1567.8,1741.895,-348.19000000000005
600519,2023-03-20 09:15:08.710000,1915.99,1567.8,1741.895,-348.19000000000005
600519,2023-03-20 09:15:08.710000,1915.99,1567.8,1741.895,-348.19000000000005
600519,2023-03-20 09:15:08.710000,1915.99,1567.8,1741.895,-348.19000000000005
600519,2023-03-20 09:15:08.710000,1915.99,1567.8,1741.895,-348.19000000000005
600519,2023-03-20 09:15:08.710000,1915.99,1567.8,1741.895,-348.19000000000005
600519,2023-03-20 09:15:08.710000,1915.99,1567.8,1741.895,-348.19000000000005
600519,2023-03-20 09:15:08.820000,1915.99,1567.8,1741.895,-348.19000000000005
600519,2023-03-20 09:15:08.820000,1915.99,1567.8,1741.895,-348.19000000000005
600519,2023-03-20 09:15:08.820000,1915.99,1567.8,1741.895,-348.19000000000005
600519,2023-03-20 09:15:08.820000,1915.99,1567.8,1741.895,-348.19000000000005
600519,2023-03-20 09:15:08.820000,1915.99,1567.8,1741.895,-348.19000000000005
600519,2023-03-20 09:15:08.820000,1915.99,1567.8,1741.895,-348.19000000000005
600519,2023-03-20 09:15:08.820000,1915.99,1567.8,1741.895,-348.19000000000005
600519,2023-03-20 09:15:08.820000,1915.99,1567.8,1741.895,-348.19000000000005
600519,2023-03-20 09:15:08.820000,1915.99,1567.8,1741.895,-348.19000000000005
600519,2023-03-20 09:15:08.900000,1915.99,1567.8,1741.895,-348.19000000000005
600519,2023-03-20 09:15:08.900000,1915.99,1567.8,1741.895,-348.19000000000005
600519,2023-03-20 09:15:08.900000,1915.99,1567.8,1741.895,-348.19000000000005
600519,2023-03-20 09:15:08.980000,1915.99,1567.8,1741.895,-348.19000000000005
600519,2023-03-20 09:15:08.980000,1915.99,1567.8,1741.895,-348.19000000000005
600519,2023-03-20 09:15:09.040000,1915.99,1567.8,1741.895,-348.19000000000005
600519,2023-03-20 09:15:09.060000,1915.99,1567.8,1741.895,-348.19000000000005
600519,2023-03-20 09:15:09.060000,1915.99,1567.8,1741.895,-348.19000000000005
600519,2023-03-20 09:15:09.060000,1915.99,1567.8,1741.895,-348.19000000000005
600519,2023-03-20 09:15:09.120000,1915.99,1567.8,1741.895,-348.19000000000005
600519,2023-03-20 09:15:09.120000,1915.99,1567.8,1741.895,-348.19000000000005
600519,2023-03-20 09:15:09.170000,1915.99,1567.8,1741.895,-348.19000000000005
600519,2023-03-20 09:15:09.170000,1916.2,1567.8,1742.0,-348.4000000000001
600519,2023-03-20 09:15:09.260000,1916.2,1567.8,1742.0,-348.4000000000001
600519,2023-03-20 09:15:09.260000,1916.2,1567.8,1742.0,-348.4000000000001
600519,2023-03-20 09:15:09.260000,1916.2,1567.8,1742.0,-348.4000000000001
600519,2023-03-20 09:15:09.260000,1916.2,1567.8,1742.0,-348.4000000000001
600519,2023-03-20 09:15:09.260000,1916.2,1567.8,1742.0,-348.4000000000001
600519,2023-03-20 09:15:09.300000,1916.2,1567.8,1742.0,-348.4000000000001
600519,2023-03-20 09:15:09.360000,1916.2,1567.8,1742.0,-348.4000000000001
600519,2023-03-20 09:15:09.360000,1916.2,1567.8,1742.0,-348.4000000000001
600519,2023-03-20 09:15:09.360000,1916.2,1567.8,1742.0,-348.4000000000001
600519,2023-03-20 09:15:09.360000,1916.2,1567.8,1742.0,-348.4000000000001
600519,2023-03-20 09:15:09.390000,1916.2,1567.8,1742.0,-348.4000000000001
600519,2023-03-20 09:15:09.390000,1916.2,1567.8,1742.0,-348.4000000000001
600519,2023-03-20 09:15:09.390000,1916.2,1567.8,1742.0,-348.4000000000001
600519,2023-03-20 09:15:09.390000,1916.2,1567.8,1742.0,-348.4000000000001
600519,2023-03-20 09:15:09.390000,1916.2,1567.8,1742.0,-348.4000000000001
600519,2023-03-20 09:15:09.390000,1916.2,1567.8,1742.0,-348.4000000000001
600519,2023-03-20 09:15:09.390000,1916.2,1567.8,1742.0,-348.4000000000001
600519,2023-03-20 09:15:09.390000,1916.2,1567.8,1742.0,-348.4000000000001
600519,2023-03-20 09:15:09.390000,1916.2,1567.8,1742.0,-348.4000000000001
600519,2023-03-20 09:15:09.420000,1916.2,1567.8,1742.0,-348.4000000000001
600519,2023-03-20 09:15:09.450000,1916.2,1567.8,1742.0,-348.4000000000001
600519,2023-03-20 09:15:09.450000,1916.2,1567.8,1742.0,-348.4000000000001
600519,2023-03-20 09:15:09.450000,1916.2,1567.8,1742.0,-348.4000000000001
600519,2023-03-20 09:15:09.450000,1916.2,1567.8,1742.0,-348.4000000000001
600519,2023-03-20 09:15:09.550000,1916.2,1567.8,1742.0,-348.4000000000001
600519,2023-03-20 09:15:09.550000,1916.2,1567.8,1742.0,-348.4000000000001
600519,2023-03-20 09:15:09.590000,1916.2,1567.8,1742.0,-348.4000000000001
600519,2023-03-20 09:15:09.590000,1916.2,1567.8,1742.0,-348.4000000000001
600519,2023-03-20 09:15:09.630000,1916.2,1567.8,1742.0,-348.4000000000001
600519,2023-03-20 09:15:09.830000,1916.2,1567.8,1742.0,-348.4000000000001
600519,2023-03-20 09:15:09.900000,1916.2,1567.8,1742.0,-348.4000000000001
600519,2023-03-20 09:15:09.930000,1916.2,1567.8,1742.0,-348.4000000000001
600519,2023-03-20 09:15:09.930000,1916.2,1567.8,1742.0,-348.4000000000001
600519,2023-03-20 09:15:09.930000,1916.2,1567.8,1742.0,-348.4000000000001
600519,2023-03-20 09:15:09.930000,1916.2,1567.8,1742.0,-348.4000000000001
600519,2023-03-20 09:15:09.930000,1916.2,1567.8,1742.0,-348.4000000000001
600519,2023-03-20 09:15:09.970000,1916.2,1567.8,1742.0,-348.4000000000001
600519,2023-03-20 09:15:10.040000,1916.2,1567.8,1742.0,-348.4000000000001
600519,2023-03-20 09:15:10.040000,1916.2,1567.8,1742.0,-348.4000000000001
600519,2023-03-20 09:15:10.040000,1916.2,1567.8,1742.0,-348.4000000000001
600519,2023-03-20 09:15:10.110000,1916.2,1567.8,1742.0,-348.4000000000001
600519,2023-03-20 09:15:10.110000,1916.2,1567.8,1742.0,-348.4000000000001
600519,2023-03-20 09:15:10.110000,1916.2,1567.8,1742.0,-348.4000000000001
600519,2023-03-20 09:15:10.110000,1916.2,1567.8,1742.0,-348.4000000000001
600519,2023-03-20 09:15:10.110000,1916.2,1567.8,1742.0,-348.4000000000001
600519,2023-03-20 09:15:10.110000,1916.2,1567.8,1742.0,-348.4000000000001
600519,2023-03-20 09:15:10.160000,1916.2,1567.8,1742.0,-348.4000000000001
600519,2023-03-20 09:15:10.180000,1916.2,1567.8,1742.0,-348.4000000000001
600519,2023-03-20 09:15:10.180000,1916.2,1567.8,1742.0,-348.4000000000001
600519,2023-03-20 09:15:10.180000,1916.2,1567.8,1742.0,-348.4000000000001
600519,2023-03-20 09:15:10.180000,1916.2,1567.8,1742.0,-348.4000000000001
600519,2023-03-20 09:15:10.180000,1916.2,1567.8,1742.0,-348.4000000000001
600519,2023-03-20 09:15:10.250000,1916.2,1567.8,1742.0,-348.4000000000001
600519,2023-03-20 09:15:10.370000,1916.2,1567.8,1742.0,-348.4000000000001
600519,2023-03-20 09:15:10.400000,1916.2,1567.8,1742.0,-348.4000000000001
600519,2023-03-20 09:15:10.400000,1916.2,1567.8,1742.0,-348.4000000000001
600519,2023-03-20 09:15:10.660000,1916.2,1567.8,1742.0,-348.4000000000001
600519,2023-03-20 09:15:10.690000,1916.2,1567.8,1742.0,-348.4000000000001
600519,2023-03-20 09:15:10.760000,1916.2,1567.8,1742.0,-348.4000000000001
600519,2023-03-20 09:15:10.820000,1916.2,1567.8,1742.0,-348.4000000000001
600519,2023-03-20 09:15:10.820000,1916.2,1567.8,1742.0,-348.4000000000001
600519,2023-03-20 09:15:10.890000,1916.2,1567.8,1742.0,-348.4000000000001
600519,2023-03-20 09:15:10.890000,1916.2,1567.8,1742.0,-348.4000000000001
600519,2023-03-20 09:15:11,1916.2,1567.8,1742.0,-348.4000000000001
600519,2023-03-20 09:15:11.040000,1916.2,1567.8,1742.0,-348.4000000000001
600519,2023-03-20 09:15:11.040000,1916.2,1567.8,1742.0,-348.4000000000001
600519,2023-03-20 09:15:11.080000,1916.2,1567.8,1742.0,-348.4000000000001
600519,2023-03-20 09:15:11.080000,1916.2,1567.8,1742.0,-348.4000000000001
600519,2023-03-20 09:15:11.080000,1916.2,1567.8,1742.0,-348.4000000000001
600519,2023-03-20 09:15:11.080000,1916.2,1567.8,1742.0,-348.4000000000001
600519,2023-03-20 09:15:11.150000,1916.2,1567.8,1742.0,-348.4000000000001
600519,2023-03-20 09:15:11.210000,1916.2,1567.8,1742.0,-348.4000000000001
600519,2023-03-20 09:15:11.370000,1916.2,1567.8,1742.0,-348.4000000000001
600519,2023-03-20 09:15:11.370000,1916.2,1567.8,1742.0,-348.4000000000001
600519,2023-03-20 09:15:11.370000,1916.2,1567.8,1742.0,-348.4000000000001
600519,2023-03-20 09:15:11.450000,1916.2,1567.8,1742.0,-348.4000000000001
600519,2023-03-20 09:15:11.450000,1916.2,1567.8,1742.0,-348.4000000000001
600519,2023-03-20 09:15:11.450000,1916.2,1567.8,1742.0,-348.4000000000001
600519,2023-03-20 09:15:11.490000,1916.2,1567.8,1742.0,-348.4000000000001
600519,2023-03-20 09:15:11.580000,1916.2,1567.8,1742.0,-348.4000000000001
600519,2023-03-20 09:15:11.700000,1916.2,1567.8,1742.0,-348.4000000000001
600519,2023-03-20 09:15:11.830000,1916.2,1567.8,1742.0,-348.4000000000001
600519,2023-03-20 09:15:12,1916.2,1567.8,1742.0,-348.4000000000001
600519,2023-03-20 09:15:12.030000,1916.2,1567.8,1742.0,-348.4000000000001
600519,2023-03-20 09:15:12.150000,1916.2,1567.8,1742.0,-348.4000000000001
600519,2023-03-20 09:15:12.150000,1916.2,1567.8,1742.0,-348.4000000000001
600519,2023-03-20 09:15:12.210000,1916.2,1567.8,1742.0,-348.4000000000001
600519,2023-03-20 09:15:12.370000,1916.2,1567.8,1742.0,-348.4000000000001
600519,2023-03-20 09:15:12.420000,1916.2,1567.8,1742.0,-348.4000000000001
600519,2023-03-20 09:15:12.420000,1916.2,1567.8,1742.0,-348.4000000000001
600519,2023-03-20 09:15:12.420000,1916.2,1567.8,1742.0,-348.4000000000001
600519,2023-03-20 09:15:12.460000,1916.2,1567.8,1742.0,-348.4000000000001
600519,2023-03-20 09:15:12.460000,1916.2,1567.8,1742.0,-348.4000000000001
600519,2023-03-20 09:15:12.460000,1916.2,1567.8,1742.0,-348.4000000000001
600519,2023-03-20 09:15:12.460000,1916.2,1567.8,1742.0,-348.4000000000001
600519,2023-03-20 09:15:12.460000,1916.2,1567.8,1742.0,-348.4000000000001
600519,2023-03-20 09:15:12.480000,1916.2,1567.8,1742.0,-348.4000000000001
600519,2023-03-20 09:15:12.510000,1916.2,1567.8,1742.0,-348.4000000000001
600519,2023-03-20 09:15:12.550000,1916.2,1567.8,1742.0,-348.4000000000001
600519,2023-03-20 09:15:12.550000,1916.2,1567.8,1742.0,-348.4000000000001
600519,2023-03-20 09:15:12.550000,1916.2,1567.8,1742.0,-348.4000000000001
600519,2023-03-20 09:15:12.550000,1916.2,1567.8,1742.0,-348.4000000000001
600519,2023-03-20 09:15:12.580000,1916.2,1567.8,1742.0,-348.4000000000001
600519,2023-03-20 09:15:12.580000,1916.2,1567.8,1742.0,-348.4000000000001
600519,2023-03-20 09:15:12.580000,1916.2,1567.8,1742.0,-348.4000000000001
600519,2023-03-20 09:15:12.580000,1916.2,1567.8,1742.0,-348.4000000000001
600519,2023-03-20 09:15:12.580000,1916.2,1567.8,1742.0,-348.4000000000001
600519,2023-03-20 09:15:12.580000,1916.2,1567.8,1742.0,-348.4000000000001
600519,2023-03-20 09:15:12.580000,1916.2,1567.8,1742.0,-348.4000000000001
600519,2023-03-20 09:15:12.580000,1916.2,1567.8,1742.0,-348.4000000000001
600519,2023-03-20 09:15:12.580000,1916.2,1567.8,1742.0,-348.4000000000001
600519,2023-03-20 09:15:12.580000,1916.2,1567.8,1742.0,-348.4000000000001
600519,2023-03-20 09:15:12.610000,1916.2,1567.8,1742.0,-348.4000000000001
600519,2023-03-20 09:15:12.720000,1916.2,1567.8,1742.0,-348.4000000000001
600519,2023-03-20 09:15:12.720000,1916.2,1567.8,1742.0,-348.4000000000001
600519,2023-03-20 09:15:12.770000,1916.2,1567.8,1742.0,-348.4000000000001
600519,2023-03-20 09:15:12.790000,1916.2,1567.8,1742.0,-348.4000000000001
600519,2023-03-20 09:15:12.800000,1916.2,1567.8,1742.0,-348.4000000000001
600519,2023-03-20 09:15:12.910000,1916.2,1567.8,1742.0,-348.4000000000001
600519,2023-03-20 09:15:12.950000,1916.2,1567.8,1742.0,-348.4000000000001
600519,2023-03-20 09:15:13.130000,1916.2,1567.8,1742.0,-348.4000000000001
600519,2023-03-20 09:15:18.170000,1916.2,1567.8,1742.0,-348.4000000000001
600519,2023-03-20 09:15:20.910000,1916.2,1567.8,1742.0,-348.4000000000001
600519,2023-03-20 09:15:21.570000,1916.2,1567.8,1742.0,-348.4000000000001
600519,2023-03-20 09:15:22.980000,1916.2,1567.8,1742.0,-348.4000000000001
600519,2023-03-20 09:15:24.400000,1916.2,1567.8,1742.0,-348.4000000000001
600519,2023-03-20 09:15:25.870000,1916.2,1567.8,1742.0,-348.4000000000001
600519,2023-03-20 09:15:26.780000,1916.2,1567.8,1742.0,-348.4000000000001
600519,2023-03-20 09:15:30.960000,1916.2,1567.8,1742.0,-348.4000000000001
600519,2023-03-20 09:15:32.020000,1916.2,1567.8,1742.0,-348.4000000000001
600519,2023-03-20 09:15:33.220000,1916.2,1567.8,1742.0,-348.4000000000001
600519,2023-03-20 09:15:33.390000,1916.2,1567.8,1742.0,-348.4000000000001
600519,2023-03-20 09:15:33.940000,1916.2,1567.8,1742.0,-348.4000000000001
600519,2023-03-20 09:15:34.970000,1916.2,1567.8,1742.0,-348.4000000000001
600519,2023-03-20 09:15:35.810000,1916.2,1567.8,1742.0,-348.4000000000001
600519,2023-03-20 09:15:41.090000,1916.2,1567.8,1742.0,-348.4000000000001
600519,2023-03-20 09:15:41.150000,1916.2,1567.8,1742.0,-348.4000000000001
600519,2023-03-20 09:15:41.180000,1916.2,1567.8,1742.0,-348.4000000000001
600519,2023-03-20 09:15:42.280000,1916.2,1567.8,1742.0,-348.4000000000001
600519,2023-03-20 09:15:47.050000,1916.2,1567.8,1742.0,-348.4000000000001
600519,2023-03-20 09:15:48.970000,1916.2,1567.8,1742.0,-348.4000000000001
600519,2023-03-20 09:15:49.160000,1916.2,1567.8,1742.0,-348.4000000000001
600519,2023-03-20 09:15:51.400000,1916.2,1567.8,1742.0,-348.4000000000001
600519,2023-03-20 09:15:51.980000,1916.2,1567.8,1742.0,-348.4000000000001
600519,2023-03-20 09:15:54.330000,1916.2,1567.8,1742.0,-348.4000000000001
600519,2023-03-20 09:15:56.220000,1916.2,1567.8,1742.0,-348.4000000000001
600519,2023-03-20 09:16:00.190000,1916.2,1567.8,1742.0,-348.4000000000001
600519,2023-03-20 09:16:00.190000,1916.2,1567.8,1742.0,-348.4000000000001
600519,2023-03-20 09:16:01.720000,1916.2,1567.8,1742.0,-348.4000000000001
600519,2023-03-20 09:16:03.220000,1916.2,1567.8,1742.0,-348.4000000000001
600519,2023-03-20 09:16:03.220000,1916.2,1567.8,1742.0,-348.4000000000001
600519,2023-03-20 09:16:03.850000,1916.2,1567.8,1742.0,-348.4000000000001
600519,2023-03-20 09:16:07.720000,1916.2,1567.8,1742.0,-348.4000000000001
600519,2023-03-20 09:16:08.990000,1916.2,1567.8,1742.0,-348.4000000000001
600519,2023-03-20 09:16:09.150000,1916.2,1567.8,1742.0,-348.4000000000001
600519,2023-03-20 09:16:18.090000,1916.2,1567.8,1742.0,-348.4000000000001
600519,2023-03-20 09:16:18.950000,1916.2,1567.8,1742.0,-348.4000000000001
600519,2023-03-20 09:16:19.670000,1916.2,1567.8,1742.0,-348.4000000000001
600519,2023-03-20 09:16:22.240000,1916.2,1567.8,1742.0,-348.4000000000001
600519,2023-03-20 09:16:22.970000,1916.2,1567.8,1742.0,-348.4000000000001
600519,2023-03-20 09:16:22.990000,1916.2,1567.8,1742.0,-348.4000000000001
600519,2023-03-20 09:16:23.670000,1916.2,1567.8,1742.0,-348.4000000000001
600519,2023-03-20 09:16:24.320000,1916.2,1567.8,1742.0,-348.4000000000001
600519,2023-03-20 09:16:29.600000,1916.2,1567.8,1742.0,-348.4000000000001
600519,2023-03-20 09:16:30.450000,1916.2,1567.8,1742.0,-348.4000000000001
600519,2023-03-20 09:16:31.810000,1916.2,1567.8,1742.0,-348.4000000000001
600519,2023-03-20 09:16:32,1916.2,1567.8,1742.0,-348.4000000000001
600519,2023-03-20 09:16:33.570000,1916.2,1567.8,1742.0,-348.4000000000001
600519,2023-03-20 09:16:34.520000,1916.2,1567.8,1742.0,-348.4000000000001
600519,2023-03-20 09:16:34.820000,1916.2,1567.8,1742.0,-348.4000000000001
600519,2023-03-20 09:16:37.740000,1916.2,1567.8,1742.0,-348.4000000000001
600519,2023-03-20 09:16:39.270000,1916.2,1567.8,1742.0,-348.4000000000001
600519,2023-03-20 09:16:41,1916.2,1567.8,1742.0,-348.4000000000001
600519,2023-03-20 09:16:42.200000,1916.2,1567.8,1742.0,-348.4000000000001
600519,2023-03-20 09:16:42.660000,1916.2,1567.8,1742.0,-348.4000000000001
600519,2023-03-20 09:16:43.530000,1916.2,1567.8,1742.0,-348.4000000000001
600519,2023-03-20 09:16:44.140000,1916.2,1567.8,1742.0,-348.4000000000001
600519,2023-03-20 09:16:47.870000,1916.2,1567.8,1742.0,-348.4000000000001
600519,2023-03-20 09:16:47.960000,1916.2,1567.8,1742.0,-348.4000000000001
600519,2023-03-20 09:16:48.070000,1916.2,1567.8,1742.0,-348.4000000000001
600519,2023-03-20 09:16:48.210000,1916.2,1567.8,1742.0,-348.4000000000001
600519,2023-03-20 09:16:48.840000,1916.2,1567.8,1742.0,-348.4000000000001
600519,2023-03-20 09:16:49.550000,1916.2,1567.8,1742.0,-348.4000000000001
600519,2023-03-20 09:16:49.590000,1916.2,1567.8,1742.0,-348.4000000000001
600519,2023-03-20 09:16:53,1916.2,1567.8,1742.0,-348.4000000000001
600519,2023-03-20 09:16:53.360000,1916.2,1567.8,1742.0,-348.4000000000001
600519,2023-03-20 09:16:54.930000,1916.2,1567.8,1742.0,-348.4000000000001
600519,2023-03-20 09:16:56.200000,1916.2,1567.8,1742.0,-348.4000000000001
600519,2023-03-20 09:16:57.320000,1916.2,1567.8,1742.0,-348.4000000000001
600519,2023-03-20 09:16:57.450000,1916.2,1567.8,1742.0,-348.4000000000001
600519,2023-03-20 09:16:58.890000,1916.2,1567.8,1742.0,-348.4000000000001
600519,2023-03-20 09:17:00.360000,1916.2,1567.8,1742.0,-348.4000000000001
600519,2023-03-20 09:17:00.490000,1916.2,1567.8,1742.0,-348.4000000000001
600519,2023-03-20 09:17:03.710000,1916.2,1567.8,1742.0,-348.4000000000001
600519,2023-03-20 09:17:06.400000,1916.2,1567.8,1742.0,-348.4000000000001
600519,2023-03-20 09:17:06.530000,1916.2,1567.8,1742.0,-348.4000000000001
600519,2023-03-20 09:17:06.620000,1916.2,1567.8,1742.0,-348.4000000000001
600519,2023-03-20 09:17:07.740000,1916.2,1567.8,1742.0,-348.4000000000001
600519,2023-03-20 09:17:08.060000,1916.2,1567.8,1742.0,-348.4000000000001
600519,2023-03-20 09:17:08.060000,1916.2,1567.8,1742.0,-348.4000000000001
600519,2023-03-20 09:17:08.630000,1916.2,1567.8,1742.0,-348.4000000000001
600519,2023-03-20 09:17:08.970000,1916.2,1567.8,1742.0,-348.4000000000001
600519,2023-03-20 09:17:09.280000,1916.2,1567.8,1742.0,-348.4000000000001
600519,2023-03-20 09:17:14.850000,1916.2,1567.8,1742.0,-348.4000000000001
600519,2023-03-20 09:17:15.940000,1916.2,1567.8,1742.0,-348.4000000000001
600519,2023-03-20 09:17:16.060000,1916.2,1567.8,1742.0,-348.4000000000001
600519,2023-03-20 09:17:16.330000,1916.2,1567.8,1742.0,-348.4000000000001
600519,2023-03-20 09:17:17.400000,1916.2,1567.8,1742.0,-348.4000000000001
600519,2023-03-20 09:17:18.710000,1916.2,1567.8,1742.0,-348.4000000000001
600519,2023-03-20 09:17:19.420000,1916.2,1567.8,1742.0,-348.4000000000001
600519,2023-03-20 09:17:19.690000,1916.2,1567.8,1742.0,-348.4000000000001
600519,2023-03-20 09:17:20.340000,1916.2,1567.8,1742.0,-348.4000000000001
600519,2023-03-20 09:17:21.130000,1916.2,1567.8,1742.0,-348.4000000000001
600519,2023-03-20 09:17:23.150000,1916.2,1567.8,1742.0,-348.4000000000001
600519,2023-03-20 09:17:25.810000,1916.2,1567.8,1742.0,-348.4000000000001
600519,2023-03-20 09:17:26.540000,1916.2,1567.8,1742.0,-348.4000000000001
600519,2023-03-20 09:17:26.930000,1916.2,1567.8,1742.0,-348.4000000000001
600519,2023-03-20 09:17:27.960000,1916.2,1567.8,1742.0,-348.4000000000001
600519,2023-03-20 09:17:29.100000,1916.2,1567.8,1742.0,-348.4000000000001
600519,2023-03-20 09:17:29.300000,1916.2,1567.8,1742.0,-348.4000000000001
600519,2023-03-20 09:17:29.310000,1916.2,1567.8,1742.0,-348.4000000000001
600519,2023-03-20 09:17:29.510000,1916.2,1567.8,1742.0,-348.4000000000001
600519,2023-03-20 09:17:29.650000,1916.2,1567.8,1742.0,-348.4000000000001
600519,2023-03-20 09:17:30.200000,1916.2,1567.8,1742.0,-348.4000000000001
600519,2023-03-20 09:17:32.090000,1916.2,1567.8,1742.0,-348.4000000000001
600519,2023-03-20 09:17:32.160000,1916.2,1567.8,1742.0,-348.4000000000001
600519,2023-03-20 09:17:33.960000,1916.2,1567.8,1742.0,-348.4000000000001
600519,2023-03-20 09:17:34.850000,1916.2,1567.8,1742.0,-348.4000000000001
600519,2023-03-20 09:17:36.410000,1916.2,1567.8,1742.0,-348.4000000000001
600519,2023-03-20 09:17:37.500000,1916.2,1567.8,1742.0,-348.4000000000001
600519,2023-03-20 09:17:37.710000,1916.2,1567.8,1742.0,-348.4000000000001
600519,2023-03-20 09:17:38.340000,1916.2,1567.8,1742.0,-348.4000000000001
600519,2023-03-20 09:17:38.900000,1916.2,1567.8,1742.0,-348.4000000000001
600519,2023-03-20 09:17:39.830000,1916.2,1567.8,1742.0,-348.4000000000001
600519,2023-03-20 09:17:40.050000,1916.2,1567.8,1742.0,-348.4000000000001
600519,2023-03-20 09:17:40.650000,1916.2,1567.8,1742.0,-348.4000000000001
600519,2023-03-20 09:17:42.030000,1916.2,1567.8,1742.0,-348.4000000000001
600519,2023-03-20 09:17:42.750000,1916.2,1567.8,1742.0,-348.4000000000001
600519,2023-03-20 09:17:43.460000,1916.2,1567.8,1742.0,-348.4000000000001
600519,2023-03-20 09:17:44.810000,1916.2,1567.8,1742.0,-348.4000000000001
600519,2023-03-20 09:17:45,1916.2,1567.8,1742.0,-348.4000000000001
600519,2023-03-20 09:17:46.640000,1916.2,1567.8,1742.0,-348.4000000000001
600519,2023-03-20 09:17:47.090000,1916.2,1567.8,1742.0,-348.4000000000001
600519,2023-03-20 09:17:48.420000,1916.2,1567.8,1742.0,-348.4000000000001
600519,2023-03-20 09:17:48.440000,1916.2,1567.8,1742.0,-348.4000000000001
600519,2023-03-20 09:17:49.410000,1916.2,1567.8,1742.0,-348.4000000000001
600519,2023-03-20 09:17:50.280000,1916.2,1567.8,1742.0,-348.4000000000001
600519,2023-03-20 09:17:50.810000,1916.2,1567.8,1742.0,-348.4000000000001
600519,2023-03-20 09:17:50.990000,1916.2,1567.8,1742.0,-348.4000000000001
600519,2023-03-20 09:17:51.040000,1916.2,1567.8,1742.0,-348.4000000000001
600519,2023-03-20 09:17:53.700000,1916.2,1567.8,1742.0,-348.4000000000001
600519,2023-03-20 09:17:54.470000,1916.2,1567.8,1742.0,-348.4000000000001
600519,2023-03-20 09:17:54.550000,1916.2,1567.8,1742.0,-348.4000000000001
600519,2023-03-20 09:17:55.750000,1916.2,1567.8,1742.0,-348.4000000000001
600519,2023-03-20 09:17:56,1916.2,1567.8,1742.0,-348.4000000000001
600519,2023-03-20 09:17:58.160000,1916.2,1567.8,1742.0,-348.4000000000001
600519,2023-03-20 09:17:59.460000,1916.2,1567.8,1742.0,-348.4000000000001
600519,2023-03-20 09:18:01.070000,1916.2,1567.8,1742.0,-348.4000000000001
600519,2023-03-20 09:18:01.470000,1916.2,1567.8,1742.0,-348.4000000000001
600519,2023-03-20 09:18:02.620000,1916.2,1567.8,1742.0,-348.4000000000001
600519,2023-03-20 09:18:02.980000,1916.2,1567.8,1742.0,-348.4000000000001
600519,2023-03-20 09:18:03.650000,1916.2,1567.8,1742.0,-348.4000000000001
600519,2023-03-20 09:18:04.490000,1916.2,1567.8,1742.0,-348.4000000000001
600519,2023-03-20 09:18:05.950000,1916.2,1567.8,1742.0,-348.4000000000001
600519,2023-03-20 09:18:08.040000,1916.2,1567.8,1742.0,-348.4000000000001
600519,2023-03-20 09:18:08.870000,1916.2,1567.8,1742.0,-348.4000000000001
600519,2023-03-20 09:18:09.190000,1916.2,1567.8,1742.0,-348.4000000000001
600519,2023-03-20 09:18:10.360000,1916.2,1567.8,1742.0,-348.4000000000001
600519,2023-03-20 09:18:11.480000,1916.2,1567.8,1742.0,-348.4000000000001
600519,2023-03-20 09:18:12.700000,1916.2,1567.8,1742.0,-348.4000000000001
600519,2023-03-20 09:18:14.090000,1916.2,1567.8,1742.0,-348.4000000000001
600519,2023-03-20 09:18:15.150000,1916.2,1567.8,1742.0,-348.4000000000001
600519,2023-03-20 09:18:15.200000,1916.2,1567.8,1742.0,-348.4000000000001
600519,2023-03-20 09:18:15.970000,1916.2,1567.8,1742.0,-348.4000000000001
600519,2023-03-20 09:18:17.970000,1916.2,1567.8,1742.0,-348.4000000000001
600519,2023-03-20 09:18:18.560000,1916.2,1567.8,1742.0,-348.4000000000001
600519,2023-03-20 09:18:18.620000,1916.2,1567.8,1742.0,-348.4000000000001
600519,2023-03-20 09:18:22.800000,1916.2,1567.8,1742.0,-348.4000000000001
600519,2023-03-20 09:18:23.820000,1916.2,1567.8,1742.0,-348.4000000000001
600519,2023-03-20 09:18:24.140000,1916.2,1567.8,1742.0,-348.4000000000001
600519,2023-03-20 09:18:24.510000,1916.2,1567.8,1742.0,-348.4000000000001
600519,2023-03-20 09:18:26.150000,1916.2,1567.8,1742.0,-348.4000000000001
600519,2023-03-20 09:18:26.390000,1916.2,1567.8,1742.0,-348.4000000000001
600519,2023-03-20 09:18:26.860000,1916.2,1567.8,1742.0,-348.4000000000001
600519,2023-03-20 09:18:27.950000,1916.2,1567.8,1742.0,-348.4000000000001
600519,2023-03-20 09:18:28.570000,1916.2,1567.8,1742.0,-348.4000000000001
600519,2023-03-20 09:18:28.670000,1916.2,1567.8,1742.0,-348.4000000000001
600519,2023-03-20 09:18:29.110000,1916.2,1567.8,1742.0,-348.4000000000001
600519,2023-03-20 09:18:29.300000,1916.2,1567.8,1742.0,-348.4000000000001
600519,2023-03-20 09:18:29.810000,1916.2,1567.8,1742.0,-348.4000000000001
600519,2023-03-20 09:18:30.880000,1916.2,1567.8,1742.0,-348.4000000000001
600519,2023-03-20 09:18:32.640000,1916.2,1567.8,1742.0,-348.4000000000001
600519,2023-03-20 09:18:32.970000,1916.2,1567.8,1742.0,-348.4000000000001
600519,2023-03-20 09:18:33.860000,1916.2,1567.8,1742.0,-348.4000000000001
600519,2023-03-20 09:18:34.130000,1916.2,1567.8,1742.0,-348.4000000000001
600519,2023-03-20 09:18:35.210000,1916.2,1567.8,1742.0,-348.4000000000001
600519,2023-03-20 09:18:35.290000,1916.2,1567.8,1742.0,-348.4000000000001
600519,2023-03-20 09:18:35.640000,1916.2,1567.8,1742.0,-348.4000000000001
600519,2023-03-20 09:18:36.070000,1916.2,1567.8,1742.0,-348.4000000000001
600519,2023-03-20 09:18:36.370000,1916.2,1567.8,1742.0,-348.4000000000001
600519,2023-03-20 09:18:38.600000,1916.2,1567.8,1742.0,-348.4000000000001
600519,2023-03-20 09:18:39.730000,1916.2,1567.8,1742.0,-348.4000000000001
600519,2023-03-20 09:18:39.990000,1916.2,1567.8,1742.0,-348.4000000000001
600519,2023-03-20 09:18:40.320000,1916.2,1567.8,1742.0,-348.4000000000001
600519,2023-03-20 09:18:40.460000,1916.2,1567.8,1742.0,-348.4000000000001
600519,2023-03-20 09:18:40.620000,1916.2,1567.8,1742.0,-348.4000000000001
600519,2023-03-20 09:18:41.050000,1916.2,1567.8,1742.0,-348.4000000000001
600519,2023-03-20 09:18:41.160000,1916.2,1567.8,1742.0,-348.4000000000001
600519,2023-03-20 09:18:41.870000,1916.2,1567.8,1742.0,-348.4000000000001
600519,2023-03-20 09:18:42.390000,1916.2,1567.8,1742.0,-348.4000000000001
600519,2023-03-20 09:18:42.580000,1916.2,1567.8,1742.0,-348.4000000000001
600519,2023-03-20 09:18:42.940000,1916.2,1567.8,1742.0,-348.4000000000001
600519,2023-03-20 09:18:43.850000,1916.2,1567.8,1742.0,-348.4000000000001
600519,2023-03-20 09:18:43.990000,1916.2,1567.8,1742.0,-348.4000000000001
600519,2023-03-20 09:18:44.020000,1916.2,1567.8,1742.0,-348.4000000000001
600519,2023-03-20 09:18:44.130000,1916.2,1567.8,1742.0,-348.4000000000001
600519,2023-03-20 09:18:44.670000,1916.2,1567.8,1742.0,-348.4000000000001
600519,2023-03-20 09:18:44.960000,1916.2,1567.8,1742.0,-348.4000000000001
600519,2023-03-20 09:18:46.500000,1916.2,1567.8,1742.0,-348.4000000000001
600519,2023-03-20 09:18:46.910000,1916.2,1567.8,1742.0,-348.4000000000001
600519,2023-03-20 09:18:47.010000,1916.2,1567.8,1742.0,-348.4000000000001
600519,2023-03-20 09:18:47.010000,1916.2,1567.8,1742.0,-348.4000000000001
600519,2023-03-20 09:18:47.020000,1916.2,1567.8,1742.0,-348.4000000000001
600519,2023-03-20 09:18:47.140000,1916.2,1567.8,1742.0,-348.4000000000001
600519,2023-03-20 09:18:47.480000,1916.2,1567.8,1742.0,-348.4000000000001
600519,2023-03-20 09:18:48.340000,1916.2,1567.8,1742.0,-348.4000000000001
600519,2023-03-20 09:18:48.480000,1916.2,1567.8,1742.0,-348.4000000000001
600519,2023-03-20 09:18:48.630000,1916.2,1567.8,1742.0,-348.4000000000001
600519,2023-03-20 09:18:50.020000,1916.2,1567.8,1742.0,-348.4000000000001
600519,2023-03-20 09:18:50.130000,1916.2,1567.8,1742.0,-348.4000000000001
600519,2023-03-20 09:18:50.130000,1916.2,1567.8,1742.0,-348.4000000000001
600519,2023-03-20 09:18:50.810000,1916.2,1567.8,1742.0,-348.4000000000001
600519,2023-03-20 09:18:53.240000,1916.2,1567.8,1742.0,-348.4000000000001
600519,2023-03-20 09:18:54.720000,1916.2,1567.8,1742.0,-348.4000000000001
600519,2023-03-20 09:18:54.810000,1916.2,1567.8,1742.0,-348.4000000000001
600519,2023-03-20 09:18:56.350000,1916.2,1567.8,1742.0,-348.4000000000001
600519,2023-03-20 09:19:00.020000,1916.2,1567.8,1742.0,-348.4000000000001
600519,2023-03-20 09:19:01.190000,1916.2,1567.8,1742.0,-348.4000000000001
600519,2023-03-20 09:19:01.200000,1916.2,1567.8,1742.0,-348.4000000000001
600519,2023-03-20 09:19:03.200000,1916.2,1567.8,1742.0,-348.4000000000001
600519,2023-03-20 09:19:03.830000,1916.2,1567.8,1742.0,-348.4000000000001
600519,2023-03-20 09:19:07.890000,1916.2,1567.8,1742.0,-348.4000000000001
600519,2023-03-20 09:19:08.100000,1916.2,1567.8,1742.0,-348.4000000000001
600519,2023-03-20 09:19:09.440000,1916.2,1567.8,1742.0,-348.4000000000001
600519,2023-03-20 09:19:09.730000,1916.2,1567.8,1742.0,-348.4000000000001
600519,2023-03-20 09:19:11.480000,1916.2,1567.8,1742.0,-348.4000000000001
600519,2023-03-20 09:19:11.500000,1916.2,1567.8,1742.0,-348.4000000000001
600519,2023-03-20 09:19:12.570000,1916.2,1567.8,1742.0,-348.4000000000001
600519,2023-03-20 09:19:13.980000,1916.2,1567.8,1742.0,-348.4000000000001
600519,2023-03-20 09:19:14.050000,1916.2,1567.8,1742.0,-348.4000000000001
600519,2023-03-20 09:19:14.230000,1916.2,1567.8,1742.0,-348.4000000000001
600519,2023-03-20 09:19:15.660000,1916.2,1567.8,1742.0,-348.4000000000001
600519,2023-03-20 09:19:15.710000,1916.2,1567.8,1742.0,-348.4000000000001
600519,2023-03-20 09:19:16.430000,1916.2,1567.8,1742.0,-348.4000000000001
600519,2023-03-20 09:19:16.490000,1916.2,1567.8,1742.0,-348.4000000000001
600519,2023-03-20 09:19:16.550000,1916.2,1567.8,1742.0,-348.4000000000001
600519,2023-03-20 09:19:16.570000,1916.2,1567.8,1742.0,-348.4000000000001
600519,2023-03-20 09:19:17.470000,1916.2,1567.8,1742.0,-348.4000000000001
600519,2023-03-20 09:19:17.510000,1916.2,1567.8,1742.0,-348.4000000000001
600519,2023-03-20 09:19:19.940000,1916.2,1567.8,1742.0,-348.4000000000001
600519,2023-03-20 09:19:20.540000,1916.2,1567.8,1742.0,-348.4000000000001
600519,2023-03-20 09:19:20.570000,1916.2,1567.8,1742.0,-348.4000000000001
600519,2023-03-20 09:19:22.420000,1916.2,1567.8,1742.0,-348.4000000000001
600519,2023-03-20 09:19:23.330000,1916.2,1567.8,1742.0,-348.4000000000001
600519,2023-03-20 09:19:23.350000,1916.2,1567.8,1742.0,-348.4000000000001
600519,2023-03-20 09:19:23.390000,1916.2,1567.8,1742.0,-348.4000000000001
600519,2023-03-20 09:19:24.060000,1916.2,1567.8,1742.0,-348.4000000000001
600519,2023-03-20 09:19:24.410000,1916.2,1567.8,1742.0,-348.4000000000001
600519,2023-03-20 09:19:24.500000,1916.2,1567.8,1742.0,-348.4000000000001
600519,2023-03-20 09:19:25.660000,1916.2,1567.8,1742.0,-348.4000000000001
600519,2023-03-20 09:19:27.840000,1916.2,1567.8,1742.0,-348.4000000000001
600519,2023-03-20 09:19:30.710000,1916.2,1567.8,1742.0,-348.4000000000001
600519,2023-03-20 09:19:31.340000,1916.2,1567.8,1742.0,-348.4000000000001
600519,2023-03-20 09:19:31.910000,1916.2,1567.8,1742.0,-348.4000000000001
600519,2023-03-20 09:19:32.660000,1916.2,1567.8,1742.0,-348.4000000000001
600519,2023-03-20 09:19:33.010000,1916.2,1567.8,1742.0,-348.4000000000001
600519,2023-03-20 09:19:33.580000,1916.2,1567.8,1742.0,-348.4000000000001
600519,2023-03-20 09:19:34.030000,1916.2,1567.8,1742.0,-348.4000000000001
600519,2023-03-20 09:19:35.290000,1916.2,1567.8,1742.0,-348.4000000000001
600519,2023-03-20 09:19:36.950000,1916.2,1567.8,1742.0,-348.4000000000001
600519,2023-03-20 09:19:37.180000,1916.2,1567.8,1742.0,-348.4000000000001
600519,2023-03-20 09:19:38.760000,1916.2,1567.8,1742.0,-348.4000000000001
600519,2023-03-20 09:19:39.060000,1916.2,1567.8,1742.0,-348.4000000000001
600519,2023-03-20 09:19:40.180000,1916.2,1567.8,1742.0,-348.4000000000001
600519,2023-03-20 09:19:40.240000,1916.2,1567.8,1742.0,-348.4000000000001
600519,2023-03-20 09:19:40.450000,1916.2,1567.8,1742.0,-348.4000000000001
600519,2023-03-20 09:19:44.780000,1916.2,1567.8,1742.0,-348.4000000000001
600519,2023-03-20 09:19:45.450000,1916.2,1567.8,1742.0,-348.4000000000001
600519,2023-03-20 09:19:46.150000,1916.2,1567.8,1742.0,-348.4000000000001
600519,2023-03-20 09:19:47.470000,1916.2,1567.8,1742.0,-348.4000000000001
600519,2023-03-20 09:19:48.080000,1916.2,1567.8,1742.0,-348.4000000000001
600519,2023-03-20 09:19:48.160000,1916.2,1567.8,1742.0,-348.4000000000001
600519,2023-03-20 09:19:48.560000,1916.2,1567.8,1742.0,-348.4000000000001
600519,2023-03-20 09:19:48.670000,1916.2,1567.8,1742.0,-348.4000000000001
600519,2023-03-20 09:19:48.910000,1916.2,1567.8,1742.0,-348.4000000000001
600519,2023-03-20 09:19:49.050000,1916.2,1567.8,1742.0,-348.4000000000001
600519,2023-03-20 09:19:49.440000,1916.2,1567.8,1742.0,-348.4000000000001
600519,2023-03-20 09:19:49.740000,1916.2,1567.8,1742.0,-348.4000000000001
600519,2023-03-20 09:19:50.910000,1916.2,1567.8,1742.0,-348.4000000000001
600519,2023-03-20 09:19:51.410000,1916.2,1567.8,1742.0,-348.4000000000001
600519,2023-03-20 09:19:54.340000,1916.2,1567.8,1742.0,-348.4000000000001
600519,2023-03-20 09:19:55.180000,1916.2,1567.8,1742.0,-348.4000000000001
600519,2023-03-20 09:19:57.910000,1916.2,1567.8,1742.0,-348.4000000000001
600519,2023-03-20 09:19:58.040000,1916.2,1567.8,1742.0,-348.4000000000001
600519,2023-03-20 09:19:58.850000,1916.2,1567.8,1742.0,-348.4000000000001
600519,2023-03-20 09:20:00.100000,1916.2,1567.8,1742.0,-348.4000000000001
600519,2023-03-20 09:20:01.020000,1916.2,1567.8,1742.0,-348.4000000000001
600519,2023-03-20 09:20:01.140000,1916.2,1567.8,1742.0,-348.4000000000001
600519,2023-03-20 09:20:02.020000,1916.2,1567.8,1742.0,-348.4000000000001
600519,2023-03-20 09:20:03.070000,1916.2,1567.8,1742.0,-348.4000000000001
600519,2023-03-20 09:20:03.170000,1916.2,1567.8,1742.0,-348.4000000000001
600519,2023-03-20 09:20:04.790000,1916.2,1567.8,1742.0,-348.4000000000001
600519,2023-03-20 09:20:08.240000,1916.2,1567.8,1742.0,-348.4000000000001
600519,2023-03-20 09:20:10.290000,1916.2,1567.8,1742.0,-348.4000000000001
600519,2023-03-20 09:20:16.010000,1916.2,1567.8,1742.0,-348.4000000000001
600519,2023-03-20 09:20:18.080000,1916.2,1567.8,1742.0,-348.4000000000001
600519,2023-03-20 09:20:19.030000,1916.2,1567.8,1742.0,-348.4000000000001
600519,2023-03-20 09:20:22.550000,1916.2,1567.8,1742.0,-348.4000000000001
600519,2023-03-20 09:20:27.290000,1916.2,1567.8,1742.0,-348.4000000000001
600519,2023-03-20 09:20:29.990000,1916.2,1567.8,1742.0,-348.4000000000001
600519,2023-03-20 09:20:31.900000,1916.2,1567.8,1742.0,-348.4000000000001
600519,2023-03-20 09:20:32,1916.2,1567.8,1742.0,-348.4000000000001
600519,2023-03-20 09:20:32.830000,1916.2,1567.8,1742.0,-348.4000000000001
600519,2023-03-20 09:20:36,1916.2,1567.8,1742.0,-348.4000000000001
600519,2023-03-20 09:20:37.230000,1916.2,1567.8,1742.0,-348.4000000000001
600519,2023-03-20 09:20:37.540000,1916.2,1567.8,1742.0,-348.4000000000001
600519,2023-03-20 09:20:37.820000,1916.2,1567.8,1742.0,-348.4000000000001
600519,2023-03-20 09:20:43.760000,1916.2,1567.8,1742.0,-348.4000000000001
600519,2023-03-20 09:20:44.160000,1916.2,1567.8,1742.0,-348.4000000000001
600519,2023-03-20 09:20:44.330000,1916.2,1567.8,1742.0,-348.4000000000001
600519,2023-03-20 09:20:44.340000,1916.2,1567.8,1742.0,-348.4000000000001
600519,2023-03-20 09:20:44.810000,1916.2,1567.8,1742.0,-348.4000000000001
600519,2023-03-20 09:20:44.940000,1916.2,1567.8,1742.0,-348.4000000000001
600519,2023-03-20 09:20:45.880000,1916.2,1567.8,1742.0,-348.4000000000001
600519,2023-03-20 09:20:46.230000,1916.2,1567.8,1742.0,-348.4000000000001
600519,2023-03-20 09:20:46.970000,1916.2,1567.8,1742.0,-348.4000000000001
600519,2023-03-20 09:20:47.020000,1916.2,1567.8,1742.0,-348.4000000000001
600519,2023-03-20 09:20:47.920000,1916.2,1567.8,1742.0,-348.4000000000001
600519,2023-03-20 09:20:48.050000,1916.2,1567.8,1742.0,-348.4000000000001
600519,2023-03-20 09:20:48.450000,1916.2,1567.8,1742.0,-348.4000000000001
600519,2023-03-20 09:20:49.390000,1916.2,1567.8,1742.0,-348.4000000000001
600519,2023-03-20 09:20:49.970000,1916.2,1567.8,1742.0,-348.4000000000001
600519,2023-03-20 09:20:54.550000,1916.2,1567.8,1742.0,-348.4000000000001
600519,2023-03-20 09:20:57.550000,1916.2,1567.8,1742.0,-348.4000000000001
600519,2023-03-20 09:20:58.780000,1916.2,1567.8,1742.0,-348.4000000000001
600519,2023-03-20 09:21:00.100000,1916.2,1567.8,1742.0,-348.4000000000001
600519,2023-03-20 09:21:02.090000,1916.2,1567.8,1742.0,-348.4000000000001
600519,2023-03-20 09:21:03.200000,1916.2,1567.8,1742.0,-348.4000000000001
600519,2023-03-20 09:21:05.020000,1916.2,1567.8,1742.0,-348.4000000000001
600519,2023-03-20 09:21:05.540000,1916.2,1567.8,1742.0,-348.4000000000001
600519,2023-03-20 09:21:06.430000,1916.2,1567.8,1742.0,-348.4000000000001
600519,2023-03-20 09:21:06.730000,1916.2,1567.8,1742.0,-348.4000000000001
600519,2023-03-20 09:21:06.760000,1916.2,1567.8,1742.0,-348.4000000000001
600519,2023-03-20 09:21:07.990000,1916.2,1567.8,1742.0,-348.4000000000001
600519,2023-03-20 09:21:08.050000,1916.2,1567.8,1742.0,-348.4000000000001
600519,2023-03-20 09:21:08.550000,1916.2,1567.8,1742.0,-348.4000000000001
600519,2023-03-20 09:21:09.080000,1916.2,1567.8,1742.0,-348.4000000000001
600519,2023-03-20 09:21:10.850000,1916.2,1567.8,1742.0,-348.4000000000001
600519,2023-03-20 09:21:10.920000,1916.2,1567.8,1742.0,-348.4000000000001
600519,2023-03-20 09:21:11.090000,1916.2,1567.8,1742.0,-348.4000000000001
600519,2023-03-20 09:21:11.320000,1916.2,1567.8,1742.0,-348.4000000000001
600519,2023-03-20 09:21:12.040000,1916.2,1567.8,1742.0,-348.4000000000001
600519,2023-03-20 09:21:12.760000,1916.2,1567.8,1742.0,-348.4000000000001
600519,2023-03-20 09:21:14.380000,1916.2,1567.8,1742.0,-348.4000000000001
600519,2023-03-20 09:21:14.420000,1916.2,1567.8,1742.0,-348.4000000000001
600519,2023-03-20 09:21:14.620000,1916.2,1567.8,1742.0,-348.4000000000001
600519,2023-03-20 09:21:17.020000,1916.2,1567.8,1742.0,-348.4000000000001
600519,2023-03-20 09:21:17.820000,1916.2,1567.8,1742.0,-348.4000000000001
600519,2023-03-20 09:21:18.120000,1916.2,1567.8,1742.0,-348.4000000000001
600519,2023-03-20 09:21:20,1916.2,1567.8,1742.0,-348.4000000000001
600519,2023-03-20 09:21:21.170000,1916.2,1567.8,1742.0,-348.4000000000001
600519,2023-03-20 09:21:22.390000,1916.2,1567.8,1742.0,-348.4000000000001
600519,2023-03-20 09:21:23.230000,1916.2,1567.8,1742.0,-348.4000000000001
600519,2023-03-20 09:21:24.150000,1916.2,1567.8,1742.0,-348.4000000000001
600519,2023-03-20 09:21:26.630000,1916.2,1567.8,1742.0,-348.4000000000001
600519,2023-03-20 09:21:26.730000,1916.2,1567.8,1742.0,-348.4000000000001
600519,2023-03-20 09:21:28.650000,1916.2,1567.8,1742.0,-348.4000000000001
600519,2023-03-20 09:21:28.670000,1916.2,1567.8,1742.0,-348.4000000000001
600519,2023-03-20 09:21:30.520000,1916.2,1567.8,1742.0,-348.4000000000001
600519,2023-03-20 09:21:30.570000,1916.2,1567.8,1742.0,-348.4000000000001
600519,2023-03-20 09:21:31.960000,1916.2,1567.8,1742.0,-348.4000000000001
600519,2023-03-20 09:21:32.020000,1916.2,1567.8,1742.0,-348.4000000000001
600519,2023-03-20 09:21:33.120000,1916.2,1567.8,1742.0,-348.4000000000001
600519,2023-03-20 09:21:33.200000,1916.2,1567.8,1742.0,-348.4000000000001
600519,2023-03-20 09:21:34.970000,1916.2,1567.8,1742.0,-348.4000000000001
600519,2023-03-20 09:21:35.010000,1916.2,1567.8,1742.0,-348.4000000000001
600519,2023-03-20 09:21:36.140000,1916.2,1567.8,1742.0,-348.4000000000001
600519,2023-03-20 09:21:36.720000,1916.2,1567.8,1742.0,-348.4000000000001
600519,2023-03-20 09:21:37.560000,1916.2,1567.8,1742.0,-348.4000000000001
600519,2023-03-20 09:21:39.110000,1916.2,1567.8,1742.0,-348.4000000000001
600519,2023-03-20 09:21:40.330000,1916.2,1567.8,1742.0,-348.4000000000001
600519,2023-03-20 09:21:40.980000,1916.2,1567.8,1742.0,-348.4000000000001
600519,2023-03-20 09:21:41.080000,1916.2,1567.8,1742.0,-348.4000000000001
600519,2023-03-20 09:21:43.410000,1916.2,1567.8,1742.0,-348.4000000000001
600519,2023-03-20 09:21:44.680000,1916.2,1567.8,1742.0,-348.4000000000001
600519,2023-03-20 09:21:46.430000,1916.2,1567.8,1742.0,-348.4000000000001
600519,2023-03-20 09:21:46.730000,1916.2,1567.8,1742.0,-348.4000000000001
600519,2023-03-20 09:21:46.760000,1916.2,1567.8,1742.0,-348.4000000000001
600519,2023-03-20 09:21:47.650000,1916.2,1567.8,1742.0,-348.4000000000001
600519,2023-03-20 09:21:49.020000,1916.2,1567.8,1742.0,-348.4000000000001
600519,2023-03-20 09:21:49.390000,1916.2,1567.8,1742.0,-348.4000000000001
600519,2023-03-20 09:21:50.260000,1916.2,1567.8,1742.0,-348.4000000000001
600519,2023-03-20 09:21:51.100000,1916.2,1567.8,1742.0,-348.4000000000001
600519,2023-03-20 09:21:51.100000,1916.2,1567.8,1742.0,-348.4000000000001
600519,2023-03-20 09:21:51.900000,1916.2,1567.8,1742.0,-348.4000000000001
600519,2023-03-20 09:21:52.590000,1916.2,1567.8,1742.0,-348.4000000000001
600519,2023-03-20 09:21:54.170000,1916.2,1567.8,1742.0,-348.4000000000001
600519,2023-03-20 09:21:54.500000,1916.2,1567.8,1742.0,-348.4000000000001
600519,2023-03-20 09:21:54.680000,1916.2,1567.8,1742.0,-348.4000000000001
600519,2023-03-20 09:21:54.840000,1916.2,1567.8,1742.0,-348.4000000000001
600519,2023-03-20 09:21:55.530000,1916.2,1567.8,1742.0,-348.4000000000001
600519,2023-03-20 09:21:56.700000,1916.2,1567.8,1742.0,-348.4000000000001
600519,2023-03-20 09:21:58.060000,1916.2,1567.8,1742.0,-348.4000000000001
600519,2023-03-20 09:21:59.410000,1916.2,1567.8,1742.0,-348.4000000000001
600519,2023-03-20 09:22:00.580000,1916.2,1567.8,1742.0,-348.4000000000001
600519,2023-03-20 09:22:00.960000,1916.2,1567.8,1742.0,-348.4000000000001
600519,2023-03-20 09:22:02.520000,1916.2,1567.8,1742.0,-348.4000000000001
600519,2023-03-20 09:22:04.290000,1916.2,1567.8,1742.0,-348.4000000000001
600519,2023-03-20 09:22:04.960000,1916.2,1567.8,1742.0,-348.4000000000001
600519,2023-03-20 09:22:04.970000,1916.2,1567.8,1742.0,-348.4000000000001
600519,2023-03-20 09:22:04.990000,1916.2,1567.8,1742.0,-348.4000000000001
600519,2023-03-20 09:22:05.010000,1916.2,1567.8,1742.0,-348.4000000000001
600519,2023-03-20 09:22:05.010000,1916.2,1567.8,1742.0,-348.4000000000001
600519,2023-03-20 09:22:05.940000,1916.2,1567.8,1742.0,-348.4000000000001
600519,2023-03-20 09:22:05.950000,1916.2,1567.8,1742.0,-348.4000000000001
600519,2023-03-20 09:22:06.160000,1916.2,1567.8,1742.0,-348.4000000000001
600519,2023-03-20 09:22:06.510000,1916.2,1567.8,1742.0,-348.4000000000001
600519,2023-03-20 09:22:07.350000,1916.2,1567.8,1742.0,-348.4000000000001
600519,2023-03-20 09:22:08.290000,1916.2,1567.8,1742.0,-348.4000000000001
600519,2023-03-20 09:22:09.070000,1916.2,1567.8,1742.0,-348.4000000000001
600519,2023-03-20 09:22:09.110000,1916.2,1567.8,1742.0,-348.4000000000001
600519,2023-03-20 09:22:12.590000,1916.2,1567.8,1742.0,-348.4000000000001
600519,2023-03-20 09:22:12.980000,1916.2,1567.8,1742.0,-348.4000000000001
600519,2023-03-20 09:22:14.640000,1916.2,1567.8,1742.0,-348.4000000000001
600519,2023-03-20 09:22:14.820000,1916.2,1567.8,1742.0,-348.4000000000001
600519,2023-03-20 09:22:19.330000,1916.2,1567.8,1742.0,-348.4000000000001
600519,2023-03-20 09:22:19.530000,1916.2,1567.8,1742.0,-348.4000000000001
600519,2023-03-20 09:22:21.940000,1916.2,1567.8,1742.0,-348.4000000000001
600519,2023-03-20 09:22:22.860000,1916.2,1567.8,1742.0,-348.4000000000001
600519,2023-03-20 09:22:23.840000,1916.2,1567.8,1742.0,-348.4000000000001
600519,2023-03-20 09:22:25.150000,1916.2,1567.8,1742.0,-348.4000000000001
600519,2023-03-20 09:22:25.220000,1916.2,1567.8,1742.0,-348.4000000000001
600519,2023-03-20 09:22:25.220000,1916.2,1567.8,1742.0,-348.4000000000001
600519,2023-03-20 09:22:25.640000,1916.2,1567.8,1742.0,-348.4000000000001
600519,2023-03-20 09:22:25.980000,1916.2,1567.8,1742.0,-348.4000000000001
600519,2023-03-20 09:22:25.990000,1916.2,1567.8,1742.0,-348.4000000000001
600519,2023-03-20 09:22:26.970000,1916.2,1567.8,1742.0,-348.4000000000001
600519,2023-03-20 09:22:27.420000,1916.2,1567.8,1742.0,-348.4000000000001
600519,2023-03-20 09:22:27.540000,1916.2,1567.8,1742.0,-348.4000000000001
600519,2023-03-20 09:22:27.780000,1916.2,1567.8,1742.0,-348.4000000000001
600519,2023-03-20 09:22:27.900000,1916.2,1567.8,1742.0,-348.4000000000001
600519,2023-03-20 09:22:29.850000,1916.2,1567.8,1742.0,-348.4000000000001
600519,2023-03-20 09:22:30.030000,1916.2,1567.8,1742.0,-348.4000000000001
600519,2023-03-20 09:22:30.700000,1916.2,1567.8,1742.0,-348.4000000000001
600519,2023-03-20 09:22:30.960000,1916.2,1567.8,1742.0,-348.4000000000001
600519,2023-03-20 09:22:31.270000,1916.2,1567.8,1742.0,-348.4000000000001
600519,2023-03-20 09:22:31.450000,1916.2,1567.8,1742.0,-348.4000000000001
600519,2023-03-20 09:22:31.580000,1916.2,1567.8,1742.0,-348.4000000000001
600519,2023-03-20 09:22:32.870000,1916.2,1567.8,1742.0,-348.4000000000001
600519,2023-03-20 09:22:33.740000,1916.2,1567.8,1742.0,-348.4000000000001
600519,2023-03-20 09:22:33.820000,1916.2,1567.8,1742.0,-348.4000000000001
600519,2023-03-20 09:22:33.830000,1916.2,1567.8,1742.0,-348.4000000000001
600519,2023-03-20 09:22:34.130000,1916.2,1567.8,1742.0,-348.4000000000001
600519,2023-03-20 09:22:35.770000,1916.2,1567.8,1742.0,-348.4000000000001
600519,2023-03-20 09:22:35.860000,1916.2,1567.8,1742.0,-348.4000000000001
600519,2023-03-20 09:22:36,1916.2,1567.8,1742.0,-348.4000000000001
600519,2023-03-20 09:22:36.550000,1916.2,1567.8,1742.0,-348.4000000000001
600519,2023-03-20 09:22:38.310000,1916.2,1567.8,1742.0,-348.4000000000001
600519,2023-03-20 09:22:38.880000,1916.2,1567.8,1742.0,-348.4000000000001
600519,2023-03-20 09:22:40.140000,1916.2,1567.8,1742.0,-348.4000000000001
600519,2023-03-20 09:22:40.450000,1916.2,1567.8,1742.0,-348.4000000000001
600519,2023-03-20 09:22:40.510000,1916.2,1567.8,1742.0,-348.4000000000001
600519,2023-03-20 09:22:40.940000,1916.2,1567.8,1742.0,-348.4000000000001
600519,2023-03-20 09:22:43.400000,1916.2,1567.8,1742.0,-348.4000000000001
600519,2023-03-20 09:22:43.550000,1916.2,1567.8,1742.0,-348.4000000000001
600519,2023-03-20 09:22:43.580000,1916.2,1567.8,1742.0,-348.4000000000001
600519,2023-03-20 09:22:43.920000,1916.2,1567.8,1742.0,-348.4000000000001
600519,2023-03-20 09:22:44.140000,1916.2,1567.8,1742.0,-348.4000000000001
600519,2023-03-20 09:22:45.910000,1916.2,1567.8,1742.0,-348.4000000000001
600519,2023-03-20 09:22:46.930000,1916.2,1567.8,1742.0,-348.4000000000001
600519,2023-03-20 09:22:47.420000,1916.2,1567.8,1742.0,-348.4000000000001
600519,2023-03-20 09:22:49.580000,1916.2,1567.8,1742.0,-348.4000000000001
600519,2023-03-20 09:22:49.730000,1916.2,1567.8,1742.0,-348.4000000000001
600519,2023-03-20 09:22:50.640000,1916.2,1567.8,1742.0,-348.4000000000001
600519,2023-03-20 09:22:51.510000,1916.2,1567.8,1742.0,-348.4000000000001
600519,2023-03-20 09:22:53.630000,1916.2,1567.8,1742.0,-348.4000000000001
600519,2023-03-20 09:22:54.620000,1916.2,1567.8,1742.0,-348.4000000000001
600519,2023-03-20 09:22:54.730000,1916.2,1567.8,1742.0,-348.4000000000001
600519,2023-03-20 09:22:56.320000,1916.2,1567.8,1742.0,-348.4000000000001
600519,2023-03-20 09:22:58.990000,1916.2,1567.8,1742.0,-348.4000000000001
600519,2023-03-20 09:22:59.770000,1916.2,1567.8,1742.0,-348.4000000000001
600519,2023-03-20 09:23:03.430000,1916.2,1567.8,1742.0,-348.4000000000001
600519,2023-03-20 09:23:03.780000,1916.2,1567.8,1742.0,-348.4000000000001
600519,2023-03-20 09:23:03.790000,1916.2,1567.8,1742.0,-348.4000000000001
600519,2023-03-20 09:23:04.400000,1916.2,1567.8,1742.0,-348.4000000000001
600519,2023-03-20 09:23:05.470000,1916.2,1567.8,1742.0,-348.4000000000001
600519,2023-03-20 09:23:05.780000,1916.2,1567.8,1742.0,-348.4000000000001
600519,2023-03-20 09:23:05.850000,1916.2,1567.8,1742.0,-348.4000000000001
600519,2023-03-20 09:23:06.210000,1916.2,1567.8,1742.0,-348.4000000000001
600519,2023-03-20 09:23:09.210000,1916.2,1567.8,1742.0,-348.4000000000001
600519,2023-03-20 09:23:10.310000,1916.2,1567.8,1742.0,-348.4000000000001
600519,2023-03-20 09:23:10.940000,1916.2,1567.8,1742.0,-348.4000000000001
600519,2023-03-20 09:23:11.190000,1916.2,1567.8,1742.0,-348.4000000000001
600519,2023-03-20 09:23:15.510000,1916.2,1567.8,1742.0,-348.4000000000001
600519,2023-03-20 09:23:16.240000,1916.2,1567.8,1742.0,-348.4000000000001
600519,2023-03-20 09:23:17.200000,1916.2,1567.8,1742.0,-348.4000000000001
600519,2023-03-20 09:23:17.500000,1916.2,1567.8,1742.0,-348.4000000000001
600519,2023-03-20 09:23:17.890000,1916.2,1567.8,1742.0,-348.4000000000001
600519,2023-03-20 09:23:18.500000,1916.2,1567.8,1742.0,-348.4000000000001
600519,2023-03-20 09:23:20.280000,1916.2,1567.8,1742.0,-348.4000000000001
600519,2023-03-20 09:23:20.300000,1916.2,1567.8,1742.0,-348.4000000000001
600519,2023-03-20 09:23:23.340000,1916.2,1567.8,1742.0,-348.4000000000001
600519,2023-03-20 09:23:23.340000,1916.2,1567.8,1742.0,-348.4000000000001
600519,2023-03-20 09:23:23.420000,1916.2,1567.8,1742.0,-348.4000000000001
600519,2023-03-20 09:23:23.520000,1916.2,1567.8,1742.0,-348.4000000000001
600519,2023-03-20 09:23:23.850000,1916.2,1567.8,1742.0,-348.4000000000001
600519,2023-03-20 09:23:24.500000,1916.2,1567.8,1742.0,-348.4000000000001
600519,2023-03-20 09:23:24.780000,1916.2,1567.8,1742.0,-348.4000000000001
600519,2023-03-20 09:23:25.410000,1916.2,1567.8,1742.0,-348.4000000000001
600519,2023-03-20 09:23:26.990000,1916.2,1567.8,1742.0,-348.4000000000001
600519,2023-03-20 09:23:27.350000,1916.2,1567.8,1742.0,-348.4000000000001
600519,2023-03-20 09:23:27.460000,1916.2,1567.8,1742.0,-348.4000000000001
600519,2023-03-20 09:23:27.690000,1916.2,1567.8,1742.0,-348.4000000000001
600519,2023-03-20 09:23:28.510000,1916.2,1567.8,1742.0,-348.4000000000001
600519,2023-03-20 09:23:28.770000,1916.2,1567.8,1742.0,-348.4000000000001
600519,2023-03-20 09:23:29.020000,1916.2,1567.8,1742.0,-348.4000000000001
600519,2023-03-20 09:23:29.320000,1916.2,1567.8,1742.0,-348.4000000000001
600519,2023-03-20 09:23:30,1916.2,1567.8,1742.0,-348.4000000000001
600519,2023-03-20 09:23:30.060000,1916.2,1567.8,1742.0,-348.4000000000001
600519,2023-03-20 09:23:30.090000,1916.2,1567.8,1742.0,-348.4000000000001
600519,2023-03-20 09:23:30.700000,1916.2,1567.8,1742.0,-348.4000000000001
600519,2023-03-20 09:23:31.300000,1916.2,1567.8,1742.0,-348.4000000000001
600519,2023-03-20 09:23:31.420000,1916.2,1567.8,1742.0,-348.4000000000001
600519,2023-03-20 09:23:31.840000,1916.2,1567.8,1742.0,-348.4000000000001
600519,2023-03-20 09:23:32.620000,1916.2,1567.8,1742.0,-348.4000000000001
600519,2023-03-20 09:23:33.020000,1916.2,1567.8,1742.0,-348.4000000000001
600519,2023-03-20 09:23:34.400000,1916.2,1567.8,1742.0,-348.4000000000001
600519,2023-03-20 09:23:35.060000,1916.2,1567.8,1742.0,-348.4000000000001
600519,2023-03-20 09:23:35.380000,1916.2,1567.8,1742.0,-348.4000000000001
600519,2023-03-20 09:23:35.610000,1916.2,1567.8,1742.0,-348.4000000000001
600519,2023-03-20 09:23:35.770000,1916.2,1567.8,1742.0,-348.4000000000001
600519,2023-03-20 09:23:36.160000,1916.2,1567.8,1742.0,-348.4000000000001
600519,2023-03-20 09:23:36.300000,1916.2,1567.8,1742.0,-348.4000000000001
600519,2023-03-20 09:23:37.580000,1916.2,1567.8,1742.0,-348.4000000000001
600519,2023-03-20 09:23:38.210000,1916.2,1567.8,1742.0,-348.4000000000001
600519,2023-03-20 09:23:39.290000,1916.2,1567.8,1742.0,-348.4000000000001
600519,2023-03-20 09:23:39.530000,1916.2,1567.8,1742.0,-348.4000000000001
600519,2023-03-20 09:23:39.940000,1916.2,1567.8,1742.0,-348.4000000000001
600519,2023-03-20 09:23:40.470000,1916.2,1567.8,1742.0,-348.4000000000001
600519,2023-03-20 09:23:40.500000,1916.2,1567.8,1742.0,-348.4000000000001
600519,2023-03-20 09:23:40.970000,1916.2,1567.8,1742.0,-348.4000000000001
600519,2023-03-20 09:23:40.980000,1916.2,1567.8,1742.0,-348.4000000000001
600519,2023-03-20 09:23:40.990000,1916.2,1567.8,1742.0,-348.4000000000001
600519,2023-03-20 09:23:41.210000,1916.2,1567.8,1742.0,-348.4000000000001
600519,2023-03-20 09:23:42.050000,1916.2,1567.8,1742.0,-348.4000000000001
600519,2023-03-20 09:23:42.840000,1916.2,1567.8,1742.0,-348.4000000000001
600519,2023-03-20 09:23:45.910000,1916.2,1567.8,1742.0,-348.4000000000001
600519,2023-03-20 09:23:46.240000,1916.2,1567.8,1742.0,-348.4000000000001
600519,2023-03-20 09:23:46.860000,1916.2,1567.8,1742.0,-348.4000000000001
600519,2023-03-20 09:23:47.900000,1916.2,1567.8,1742.0,-348.4000000000001
600519,2023-03-20 09:23:48.380000,1916.2,1567.8,1742.0,-348.4000000000001
600519,2023-03-20 09:23:48.980000,1916.2,1567.8,1742.0,-348.4000000000001
600519,2023-03-20 09:23:50.300000,1916.2,1567.8,1742.0,-348.4000000000001
600519,2023-03-20 09:23:50.300000,1916.2,1567.8,1742.0,-348.4000000000001
600519,2023-03-20 09:23:51.830000,1916.2,1567.8,1742.0,-348.4000000000001
600519,2023-03-20 09:23:52.700000,1916.2,1567.8,1742.0,-348.4000000000001
600519,2023-03-20 09:23:54.040000,1916.2,1567.8,1742.0,-348.4000000000001
600519,2023-03-20 09:23:54.140000,1916.2,1567.8,1742.0,-348.4000000000001
600519,2023-03-20 09:23:54.950000,1916.2,1567.8,1742.0,-348.4000000000001
600519,2023-03-20 09:23:55.150000,1916.2,1567.8,1742.0,-348.4000000000001
600519,2023-03-20 09:23:55.310000,1916.2,1567.8,1742.0,-348.4000000000001
600519,2023-03-20 09:23:55.780000,1916.2,1567.8,1742.0,-348.4000000000001
600519,2023-03-20 09:23:56.430000,1916.2,1567.8,1742.0,-348.4000000000001
600519,2023-03-20 09:23:57.330000,1916.2,1567.8,1742.0,-348.4000000000001
600519,2023-03-20 09:23:57.390000,1916.2,1567.8,1742.0,-348.4000000000001
600519,2023-03-20 09:23:57.390000,1916.2,1567.8,1742.0,-348.4000000000001
600519,2023-03-20 09:23:57.590000,1916.2,1567.8,1742.0,-348.4000000000001
600519,2023-03-20 09:23:57.820000,1916.2,1567.8,1742.0,-348.4000000000001
600519,2023-03-20 09:23:57.990000,1916.2,1567.8,1742.0,-348.4000000000001
600519,2023-03-20 09:23:58.800000,1916.2,1567.8,1742.0,-348.4000000000001
600519,2023-03-20 09:24:01.450000,1916.2,1567.8,1742.0,-348.4000000000001
600519,2023-03-20 09:24:01.860000,1916.2,1567.8,1742.0,-348.4000000000001
600519,2023-03-20 09:24:01.920000,1916.2,1567.8,1742.0,-348.4000000000001
600519,2023-03-20 09:24:02.510000,1916.2,1567.8,1742.0,-348.4000000000001
600519,2023-03-20 09:24:02.750000,1916.2,1567.8,1742.0,-348.4000000000001
600519,2023-03-20 09:24:02.990000,1916.2,1567.8,1742.0,-348.4000000000001
600519,2023-03-20 09:24:03.990000,1916.2,1567.8,1742.0,-348.4000000000001
600519,2023-03-20 09:24:04.440000,1916.2,1567.8,1742.0,-348.4000000000001
600519,2023-03-20 09:24:04.920000,1916.2,1567.8,1742.0,-348.4000000000001
600519,2023-03-20 09:24:04.990000,1916.2,1567.8,1742.0,-348.4000000000001
600519,2023-03-20 09:24:05.630000,1916.2,1567.8,1742.0,-348.4000000000001
600519,2023-03-20 09:24:05.950000,1916.2,1567.8,1742.0,-348.4000000000001
600519,2023-03-20 09:24:06.180000,1916.2,1567.8,1742.0,-348.4000000000001
600519,2023-03-20 09:24:06.390000,1916.2,1567.8,1742.0,-348.4000000000001
600519,2023-03-20 09:24:06.960000,1916.2,1567.8,1742.0,-348.4000000000001
600519,2023-03-20 09:24:07.230000,1916.2,1567.8,1742.0,-348.4000000000001
600519,2023-03-20 09:24:07.470000,1916.2,1567.8,1742.0,-348.4000000000001
600519,2023-03-20 09:24:07.620000,1916.2,1567.8,1742.0,-348.4000000000001
600519,2023-03-20 09:24:08.110000,1916.2,1567.8,1742.0,-348.4000000000001
600519,2023-03-20 09:24:08.500000,1916.2,1567.8,1742.0,-348.4000000000001
600519,2023-03-20 09:24:08.800000,1916.2,1567.8,1742.0,-348.4000000000001
600519,2023-03-20 09:24:09.030000,1916.2,1567.8,1742.0,-348.4000000000001
600519,2023-03-20 09:24:09.990000,1916.2,1567.8,1742.0,-348.4000000000001
600519,2023-03-20 09:24:10.790000,1916.2,1567.8,1742.0,-348.4000000000001
600519,2023-03-20 09:24:10.810000,1916.2,1567.8,1742.0,-348.4000000000001
600519,2023-03-20 09:24:11.050000,1916.2,1567.8,1742.0,-348.4000000000001
600519,2023-03-20 09:24:11.070000,1916.2,1567.8,1742.0,-348.4000000000001
600519,2023-03-20 09:24:11.400000,1916.2,1567.8,1742.0,-348.4000000000001
600519,2023-03-20 09:24:12.230000,1916.2,1567.8,1742.0,-348.4000000000001
600519,2023-03-20 09:24:12.760000,1916.2,1567.8,1742.0,-348.4000000000001
600519,2023-03-20 09:24:13.620000,1916.2,1567.8,1742.0,-348.4000000000001
600519,2023-03-20 09:24:13.780000,1916.2,1567.8,1742.0,-348.4000000000001
600519,2023-03-20 09:24:14,1916.2,1567.8,1742.0,-348.4000000000001
600519,2023-03-20 09:24:14.560000,1916.2,1567.8,1742.0,-348.4000000000001
600519,2023-03-20 09:24:15.230000,1916.2,1567.8,1742.0,-348.4000000000001
600519,2023-03-20 09:24:15.360000,1916.2,1567.8,1742.0,-348.4000000000001
600519,2023-03-20 09:24:15.780000,1916.2,1567.8,1742.0,-348.4000000000001
600519,2023-03-20 09:24:16.490000,1916.2,1567.8,1742.0,-348.4000000000001
600519,2023-03-20 09:24:16.650000,1916.2,1567.8,1742.0,-348.4000000000001
600519,2023-03-20 09:24:16.710000,1916.2,1567.8,1742.0,-348.4000000000001
600519,2023-03-20 09:24:17,1916.2,1567.8,1742.0,-348.4000000000001
600519,2023-03-20 09:24:17.220000,1916.2,1567.8,1742.0,-348.4000000000001
600519,2023-03-20 09:24:17.400000,1916.2,1567.8,1742.0,-348.4000000000001
600519,2023-03-20 09:24:18.460000,1916.2,1567.8,1742.0,-348.4000000000001
600519,2023-03-20 09:24:18.740000,1916.2,1567.8,1742.0,-348.4000000000001
600519,2023-03-20 09:24:18.900000,1916.2,1567.8,1742.0,-348.4000000000001
600519,2023-03-20 09:24:19.020000,1916.2,1567.8,1742.0,-348.4000000000001
600519,2023-03-20 09:24:19.400000,1916.2,1567.8,1742.0,-348.4000000000001
600519,2023-03-20 09:24:19.430000,1916.2,1567.8,1742.0,-348.4000000000001
600519,2023-03-20 09:24:20.130000,1916.2,1567.8,1742.0,-348.4000000000001
600519,2023-03-20 09:24:20.270000,1916.2,1567.8,1742.0,-348.4000000000001
600519,2023-03-20 09:24:21.640000,1916.2,1567.8,1742.0,-348.4000000000001
600519,2023-03-20 09:24:22.070000,1916.2,1567.8,1742.0,-348.4000000000001
600519,2023-03-20 09:24:22.410000,1916.2,1567.8,1742.0,-348.4000000000001
600519,2023-03-20 09:24:22.610000,1916.2,1567.8,1742.0,-348.4000000000001
600519,2023-03-20 09:24:22.770000,1916.2,1567.8,1742.0,-348.4000000000001
600519,2023-03-20 09:24:23.510000,1916.2,1567.8,1742.0,-348.4000000000001
600519,2023-03-20 09:24:23.660000,1916.2,1567.8,1742.0,-348.4000000000001
600519,2023-03-20 09:24:24.550000,1916.2,1567.8,1742.0,-348.4000000000001
600519,2023-03-20 09:24:24.610000,1916.2,1567.8,1742.0,-348.4000000000001
