SecurityID,TradingTime,TradePx,TradeAmount,TradeValue,OrderNo,OfferNo,TradeNo,ChannelCode,SBMark,SerialNo,SendingTime
600519,20230320092500800,1751.0,100,175100.0,119717,110096,14707,6,N,107408,20230320092501
600519,20230320092500800,1751.0,100,175100.0,154615,162217,14708,6,N,107409,20230320092501
600519,20230320092500800,1751.0,100,175100.0,167906,171887,14709,6,N,107410,20230320092501
600519,20230320092500800,1751.0,100,175100.0,171681,178012,14710,6,N,107411,20230320092501
600519,20230320092500800,1751.0,100,175100.0,173612,181019,14711,6,N,107412,20230320092501
600519,20230320092500800,1751.0,100,175100.0,173612,189333,14712,6,N,107413,20230320092501
600519,20230320092500800,1751.0,100,175100.0,174018,201957,14713,6,N,107414,20230320092501
600519,20230320092500800,1751.0,100,175100.0,174420,202494,14714,6,N,107415,20230320092501
600519,20230320092500800,1751.0,100,175100.0,178204,212890,14715,6,N,107416,20230320092501
600519,20230320092500800,1751.0,100,175100.0,178204,129151,14716,6,N,107417,20230320092501
600519,20230320092500800,1751.0,100,175100.0,178204,161933,14717,6,N,107418,20230320092501
600519,20230320092500800,1751.0,100,175100.0,178204,166024,14718,6,N,107419,20230320092501
600519,20230320092500800,1751.0,100,175100.0,178204,168177,14719,6,N,107420,20230320092501
600519,20230320092500800,1751.0,100,175100.0,178204,173857,14720,6,N,107421,20230320092501
600519,20230320092500800,1751.0,100,175100.0,178204,187381,14721,6,N,107422,20230320092501
600519,20230320092500800,1751.0,100,175100.0,178603,187381,14722,6,N,107423,20230320092501
600519,20230320092500800,1751.0,100,175100.0,178603,191521,14723,6,N,107424,20230320092501
600519,20230320092500800,1751.0,100,175100.0,181017,192089,14724,6,N,107425,20230320092501
600519,20230320092500800,1751.0,100,175100.0,197002,48067,14725,6,N,107426,20230320092501
600519,20230320092500800,1751.0,100,175100.0,197015,155805,14726,6,N,107427,20230320092501
600519,20230320092500800,1751.0,100,175100.0,200397,174777,14727,6,N,107428,20230320092501
600519,20230320092500800,1751.0,100,175100.0,218661,166645,14728,6,N,107429,20230320092501
600519,20230320092500800,1751.0,100,175100.0,214538,166645,14729,6,N,107430,20230320092501
600519,20230320092500800,1751.0,100,175100.0,214538,182576,14730,6,N,107431,20230320092501
600519,20230320092500800,1751.0,100,175100.0,94646,61891,14731,6,N,107432,20230320092501
600519,20230320092500800,1751.0,100,175100.0,129077,61892,14732,6,N,107433,20230320092501
600519,20230320092500800,1751.0,100,175100.0,136346,187022,14733,6,N,107434,20230320092501
600519,20230320092500800,1751.0,100,175100.0,167769,209902,14734,6,N,107435,20230320092501
600519,20230320092500800,1751.0,100,175100.0,173848,212145,14735,6,N,107436,20230320092501
600519,20230320092500800,1751.0,100,175100.0,178010,176060,14736,6,N,107437,20230320092501
600519,20230320092500800,1751.0,100,175100.0,178019,176612,14737,6,N,107438,20230320092501
600519,20230320092500800,1751.0,100,175100.0,178019,181162,14738,6,N,107439,20230320092501
600519,20230320092500800,1751.0,100,175100.0,181785,191297,14739,6,N,107440,20230320092501
600519,20230320092500800,1751.0,200,350200.0,182603,193508,14740,6,N,107441,20230320092501
600519,20230320092500800,1751.0,100,175100.0,193812,193508,14741,6,N,107442,20230320092501
600519,20230320092500800,1751.0,100,175100.0,193812,203738,14742,6,N,107443,20230320092501
600519,20230320092500800,1751.0,100,175100.0,193812,204290,14743,6,N,107444,20230320092501
600519,20230320092500800,1751.0,100,175100.0,193812,214441,14744,6,N,107445,20230320092501
600519,20230320092500800,1751.0,100,175100.0,198801,215773,14745,6,N,107446,20230320092501
600519,20230320092500800,1751.0,100,175100.0,199728,208026,14746,6,N,107447,20230320092501
600519,20230320092500800,1751.0,100,175100.0,200387,208026,14747,6,N,107448,20230320092501
600519,20230320092500800,1751.0,100,175100.0,201548,208026,14748,6,N,107449,20230320092501
600519,20230320092500800,1751.0,100,175100.0,202048,208026,14749,6,N,107450,20230320092501
600519,20230320092500800,1751.0,100,175100.0,206136,208026,14750,6,N,107451,20230320092501
600519,20230320092500800,1751.0,200,350200.0,208381,208026,14751,6,N,107452,20230320092501
600519,20230320092500800,1751.0,100,175100.0,217764,208026,14752,6,N,107453,20230320092501
600519,20230320092500800,1751.0,200,350200.0,218580,208026,14753,6,N,107454,20230320092501
600519,20230320092500800,1751.0,100,175100.0,218580,96127,14754,6,N,107455,20230320092501
600519,20230320092500800,1751.0,100,175100.0,162303,105688,14755,6,N,107456,20230320092501
600519,20230320092500800,1751.0,100,175100.0,180905,171213,14756,6,N,107457,20230320092501
600519,20230320092500800,1751.0,100,175100.0,180905,192253,14757,6,N,107458,20230320092501
600519,20230320092500800,1751.0,100,175100.0,180905,183317,14758,6,N,107459,20230320092501
600519,20230320092500800,1751.0,200,350200.0,180905,198959,14759,6,N,107460,20230320092501
600519,20230320092500800,1751.0,300,525300.0,180906,198959,14760,6,N,107461,20230320092501
600519,20230320092500800,1751.0,85,148835.0,173475,198959,14761,6,N,107462,20230320092501
600519,20230320092500800,1751.0,15,26265.0,173475,219599,14762,6,N,107463,20230320092501
600519,20230320092500800,1751.0,200,350200.0,178008,219599,14763,6,N,107464,20230320092501
600519,20230320092500800,1751.0,100,175100.0,181831,219599,14764,6,N,107465,20230320092501
600519,20230320092500800,1751.0,200,350200.0,193810,219599,14765,6,N,107466,20230320092501
600519,20230320092500800,1751.0,85,148835.0,198505,219599,14766,6,N,107467,20230320092501
600519,20230320092500800,1751.0,15,26265.0,198505,202801,14767,6,N,107468,20230320092501
600519,20230320092500800,1751.0,85,148835.0,201191,202801,14768,6,N,107469,20230320092501
600519,20230320092500800,1751.0,15,26265.0,201191,178165,14769,6,N,107470,20230320092501
600519,20230320092500800,1751.0,85,148835.0,205638,178165,14770,6,N,107471,20230320092501
600519,20230320092500800,1751.0,15,26265.0,205638,194200,14771,6,N,107472,20230320092501
600519,20230320092500800,1751.0,85,148835.0,208736,194200,14772,6,N,107473,20230320092501
600519,20230320092500800,1751.0,15,26265.0,208736,218791,14773,6,N,107474,20230320092501
600519,20230320092500800,1751.0,400,700400.0,211186,218791,14774,6,N,107475,20230320092501
600519,20230320092500800,1751.0,100,175100.0,218596,218791,14775,6,N,107476,20230320092501
600519,20230320092500800,1751.0,85,148835.0,214762,218791,14776,6,N,107477,20230320092501
600519,20230320092500800,1751.0,100,175100.0,214762,199631,14777,6,N,107478,20230320092501
600519,20230320092500800,1751.0,15,26265.0,214762,200851,14778,6,N,107479,20230320092501
600519,20230320092500800,1751.0,85,148835.0,190880,200851,14779,6,N,107480,20230320092501
600519,20230320092500800,1751.0,15,26265.0,190880,201074,14780,6,N,107481,20230320092501
600519,20230320092500800,1751.0,85,148835.0,192602,201074,14781,6,N,107482,20230320092501
600519,20230320092500800,1751.0,15,26265.0,192602,205307,14782,6,N,107483,20230320092501
600519,20230320092500800,1751.0,100,175100.0,202105,205307,14783,6,N,107484,20230320092501
600519,20230320092500800,1751.0,100,175100.0,208606,205307,14784,6,N,107485,20230320092501
600519,20230320092500800,1751.0,185,323935.0,212697,205307,14785,6,N,107486,20230320092501
600519,20230320092500800,1751.0,100,175100.0,212697,206667,14786,6,N,107487,20230320092501
600519,20230320092500800,1751.0,100,175100.0,212697,172997,14787,6,N,107488,20230320092501
600519,20230320092500800,1751.0,100,175100.0,212697,190516,14788,6,N,107489,20230320092501
600519,20230320092500800,1751.0,100,175100.0,212697,180697,14789,6,N,107490,20230320092501
600519,20230320092500800,1751.0,100,175100.0,212697,200121,14790,6,N,107491,20230320092501
600519,20230320092500800,1751.0,100,175100.0,212697,184278,14791,6,N,107492,20230320092501
600519,20230320092500800,1751.0,15,26265.0,212697,160181,14792,6,N,107493,20230320092501
600519,20230320092500800,1751.0,85,148835.0,215186,160181,14793,6,N,107494,20230320092501
600519,20230320092500800,1751.0,100,175100.0,215186,167460,14794,6,N,107495,20230320092501
600519,20230320092500800,1751.0,200,350200.0,215186,169799,14795,6,N,107496,20230320092501
600519,20230320092500800,1751.0,100,175100.0,215186,178500,14796,6,N,107497,20230320092501
600519,20230320092500800,1751.0,100,175100.0,215186,179445,14797,6,N,107498,20230320092501
600519,20230320092500800,1751.0,100,175100.0,215186,191718,14798,6,N,107499,20230320092501
600519,20230320092500800,1751.0,100,175100.0,215186,193721,14799,6,N,107500,20230320092501
600519,20230320092500800,1751.0,115,201365.0,215186,193862,14800,6,N,107501,20230320092501
600519,20230320092500800,1751.0,185,323935.0,216939,193862,14801,6,N,107502,20230320092501
600519,20230320092500800,1751.0,100,175100.0,216939,197866,14802,6,N,107503,20230320092501
600519,20230320092500800,1751.0,500,875500.0,216939,199041,14803,6,N,107504,20230320092501
600519,20230320092500800,1751.0,100,175100.0,216939,201976,14804,6,N,107505,20230320092501
600519,20230320092500800,1751.0,200,350200.0,216939,213991,14805,6,N,107506,20230320092501
600519,20230320092500800,1751.0,15,26265.0,216939,214196,14806,6,N,107507,20230320092501
600519,20230320092500800,1751.0,85,148835.0,96826,214196,14807,6,N,107508,20230320092501
600519,20230320092500800,1751.0,15,26265.0,96826,174648,14808,6,N,107509,20230320092501
600519,20230320092500800,1751.0,85,148835.0,154764,174648,14809,6,N,107510,20230320092501
600519,20230320092500800,1751.0,100,175100.0,154764,170479,14810,6,N,107511,20230320092501
600519,20230320092500800,1751.0,100,175100.0,154764,199289,14811,6,N,107512,20230320092501
600519,20230320092500800,1751.0,15,26265.0,154764,110265,14812,6,N,107513,20230320092501
600519,20230320092500800,1751.0,85,148835.0,162501,110265,14813,6,N,107514,20230320092501
600519,20230320092500800,1751.0,15,26265.0,162501,156568,14814,6,N,107515,20230320092501
600519,20230320092500800,1751.0,85,148835.0,167772,156568,14815,6,N,107516,20230320092501
600519,20230320092500800,1751.0,15,26265.0,167772,156592,14816,6,N,107517,20230320092501
600519,20230320092500800,1751.0,85,148835.0,170024,156592,14817,6,N,107518,20230320092501
600519,20230320092500800,1751.0,15,26265.0,170024,156875,14818,6,N,107519,20230320092501
600519,20230320092500800,1751.0,85,148835.0,171538,156875,14819,6,N,107520,20230320092501
600519,20230320092500800,1751.0,15,26265.0,171538,157248,14820,6,N,107521,20230320092501
600519,20230320092500800,1751.0,200,350200.0,173484,157248,14821,6,N,107522,20230320092501
600519,20230320092500800,1751.0,85,148835.0,213857,157248,14822,6,N,107523,20230320092501
600519,20230320092500800,1751.0,15,26265.0,213857,157679,14823,6,N,107524,20230320092501
600519,20230320092500800,1751.0,85,148835.0,214397,157679,14824,6,N,107525,20230320092501
600519,20230320092500800,1751.0,15,26265.0,214397,159066,14825,6,N,107526,20230320092501
600519,20230320092500800,1751.0,385,674135.0,216393,159066,14826,6,N,107527,20230320092501
600519,20230320092500800,1751.0,100,175100.0,216393,160561,14827,6,N,107528,20230320092501
600519,20230320092500800,1751.0,100,175100.0,216393,161592,14828,6,N,107529,20230320092501
600519,20230320092500800,1751.0,100,175100.0,216393,164500,14829,6,N,107530,20230320092501
600519,20230320092500800,1751.0,100,175100.0,216393,164609,14830,6,N,107531,20230320092501
600519,20230320092500800,1751.0,100,175100.0,216393,177466,14831,6,N,107532,20230320092501
600519,20230320092500800,1751.0,100,175100.0,216393,212286,14832,6,N,107533,20230320092501
600519,20230320092500800,1751.0,100,175100.0,216393,191420,14833,6,N,107534,20230320092501
600519,20230320092500800,1751.0,100,175100.0,216393,192006,14834,6,N,107535,20230320092501
600519,20230320092500800,1751.0,15,26265.0,216393,192809,14835,6,N,107536,20230320092501
600519,20230320092500800,1751.0,85,148835.0,216676,192809,14836,6,N,107537,20230320092501
600519,20230320092500800,1751.0,15,26265.0,216676,199474,14837,6,N,107538,20230320092501
600519,20230320092500800,1751.0,85,148835.0,219672,199474,14838,6,N,107539,20230320092501
600519,20230320092500800,1751.0,100,175100.0,219672,202582,14839,6,N,107540,20230320092501
600519,20230320092500800,1751.0,100,175100.0,219672,204022,14840,6,N,107541,20230320092501
600519,20230320092500800,1751.0,315,551565.0,219672,216179,14841,6,N,107542,20230320092501
600519,20230320092500800,1751.0,100,175100.0,171207,216179,14842,6,N,107543,20230320092501
600519,20230320092500800,1751.0,100,175100.0,170837,216179,14843,6,N,107544,20230320092501
600519,20230320092500800,1751.0,485,849235.0,173269,216179,14844,6,N,107545,20230320092501
600519,20230320092500800,1751.0,200,350200.0,173269,207257,14845,6,N,107546,20230320092501
600519,20230320092500800,1751.0,100,175100.0,173269,215765,14846,6,N,107547,20230320092501
600519,20230320092500800,1751.0,100,175100.0,173269,182124,14847,6,N,107548,20230320092501
600519,20230320092500800,1751.0,100,175100.0,173269,185837,14848,6,N,107549,20230320092501
600519,20230320092500800,1751.0,15,26265.0,173269,84294,14849,6,N,107550,20230320092501
600519,20230320092500800,1751.0,85,148835.0,182289,84294,14850,6,N,107551,20230320092501
600519,20230320092500800,1751.0,15,26265.0,182289,217029,14851,6,N,107552,20230320092501
600519,20230320092500800,1751.0,185,323935.0,201904,217029,14852,6,N,107553,20230320092501
600519,20230320092500800,1751.0,100,175100.0,201904,191985,14853,6,N,107554,20230320092501
600519,20230320092500800,1751.0,200,350200.0,201904,184345,14854,6,N,107555,20230320092501
600519,20230320092500800,1751.0,200,350200.0,201904,191250,14855,6,N,107556,20230320092501
600519,20230320092500800,1751.0,100,175100.0,201904,152503,14856,6,N,107557,20230320092501
600519,20230320092500800,1751.0,200,350200.0,201904,219241,14857,6,N,107558,20230320092501
600519,20230320092500800,1751.0,100,175100.0,201904,205871,14858,6,N,107559,20230320092501
600519,20230320092500800,1751.0,400,700400.0,201904,170239,14859,6,N,107560,20230320092501
600519,20230320092500800,1751.0,100,175100.0,201904,183760,14860,6,N,107561,20230320092501
600519,20230320092500800,1751.0,1900,3326900.0,201904,186338,14861,6,N,107562,20230320092501
600519,20230320092500800,1751.0,915,1602165.0,201904,199148,14862,6,N,107563,20230320092501
600519,20230320092500800,1751.0,585,1024335.0,177929,199148,14863,6,N,107564,20230320092501
600519,20230320092500800,1751.0,100,175100.0,177929,207773,14864,6,N,107565,20230320092501
600519,20230320092500800,1751.0,100,175100.0,177929,215110,14865,6,N,107566,20230320092501
600519,20230320092500800,1751.0,100,175100.0,177929,103936,14866,6,N,107567,20230320092501
600519,20230320092500800,1751.0,300,525300.0,177929,154629,14867,6,N,107568,20230320092501
600519,20230320092500800,1751.0,100,175100.0,177929,157184,14868,6,N,107569,20230320092501
600519,20230320092500800,1751.0,100,175100.0,177929,157615,14869,6,N,107570,20230320092501
600519,20230320092500800,1751.0,2415,4228665.0,177929,174200,14870,6,N,107571,20230320092501
600519,20230320092500800,1751.0,100,175100.0,180087,174200,14871,6,N,107572,20230320092501
600519,20230320092500800,1751.0,100,175100.0,210098,174200,14872,6,N,107573,20230320092501
600519,20230320092500800,1751.0,100,175100.0,215999,174200,14873,6,N,107574,20230320092501
600519,20230320092500800,1751.0,2285,4001035.0,219691,174200,14874,6,N,107575,20230320092501
600519,20230320092500800,1751.0,100,175100.0,219691,178018,14875,6,N,107576,20230320092501
600519,20230320092500800,1751.0,100,175100.0,219691,180573,14876,6,N,107577,20230320092501
600519,20230320092500800,1751.0,215,376465.0,219691,181873,14877,6,N,107578,20230320092501
600519,20230320092500800,1751.0,85,148835.0,199870,181873,14878,6,N,107579,20230320092501
600519,20230320092500800,1751.0,100,175100.0,199870,182275,14879,6,N,107580,20230320092501
600519,20230320092500800,1751.0,100,175100.0,199870,190470,14880,6,N,107581,20230320092501
600519,20230320092500800,1751.0,200,350200.0,199870,191596,14881,6,N,107582,20230320092501
600519,20230320092500800,1751.0,100,175100.0,199870,191863,14882,6,N,107583,20230320092501
600519,20230320092500800,1751.0,400,700400.0,199870,200469,14883,6,N,107584,20230320092501
600519,20230320092500800,1751.0,500,875500.0,199870,203018,14884,6,N,107585,20230320092501
600519,20230320092500800,1751.0,100,175100.0,199870,204924,14885,6,N,107586,20230320092501
600519,20230320092500800,1751.0,500,875500.0,199870,207690,14886,6,N,107587,20230320092501
600519,20230320092500800,1751.0,500,875500.0,199870,209639,14887,6,N,107588,20230320092501
600519,20230320092500800,1751.0,100,175100.0,199870,203971,14888,6,N,107589,20230320092501
600519,20230320092500800,1751.0,100,175100.0,199870,205204,14889,6,N,107590,20230320092501
600519,20230320092500800,1751.0,100,175100.0,199870,209771,14890,6,N,107591,20230320092501
600519,20230320092500800,1751.0,100,175100.0,199870,210390,14891,6,N,107592,20230320092501
600519,20230320092500800,1751.0,100,175100.0,199870,217653,14892,6,N,107593,20230320092501
600519,20230320092500800,1751.0,100,175100.0,199870,203695,14893,6,N,107594,20230320092501
600519,20230320092500800,1751.0,100,175100.0,199870,205496,14894,6,N,107595,20230320092501
600519,20230320092500800,1751.0,100,175100.0,199870,206293,14895,6,N,107596,20230320092501
600519,20230320092500800,1751.0,100,175100.0,199870,206828,14896,6,N,107597,20230320092501
600519,20230320092500800,1751.0,300,525300.0,199870,210921,14897,6,N,107598,20230320092501
600519,20230320093000000,1751.8,100,175180.0,219854,200332,28927,6,B,254333,20230320092931
600519,20230320093000000,1751.0,100,175100.0,199870,219863,28938,6,S,254349,20230320092931
600519,20230320093000020,1751.82,100,175182.0,219879,134078,28998,6,B,254419,20230320092931
600519,20230320093000020,1752.0,100,175200.0,219879,141770,28999,6,B,254420,20230320092931
600519,20230320093000020,1752.0,100,175200.0,219991,180966,29261,6,B,254767,20230320092931
600519,20230320093000090,1751.5,200,350300.0,219922,220182,29714,6,S,255364,20230320092931
600519,20230320093000090,1752.0,100,175200.0,220278,212957,29821,6,B,255555,20230320092931
600519,20230320093000130,1753.89,100,175389.0,220412,143878,30088,6,B,255942,20230320092931
600519,20230320093000130,1754.0,100,175400.0,220412,110820,30089,6,B,255943,20230320092931
600519,20230320093000130,1754.0,100,175400.0,220412,189552,30090,6,B,255944,20230320092931
600519,20230320093000130,1754.32,100,175432.0,220412,82828,30091,6,B,255945,20230320092931
600519,20230320093000130,1754.9,100,175490.0,220412,202631,30092,6,B,255946,20230320092931
600519,20230320093000230,1754.98,100,175498.0,221414,196138,30857,6,B,257545,20230320092931
600519,20230320093000270,1752.0,100,175200.0,220963,221751,31088,6,S,258091,20230320092931
600519,20230320093000340,1752.0,200,350400.0,220963,222181,31351,6,S,258724,20230320092931
600519,20230320093000340,1752.0,100,175200.0,220963,222757,31655,6,S,259515,20230320092931
600519,20230320093000430,1755.0,100,175500.0,224265,11333,32156,6,B,261354,20230320092931
600519,20230320093000430,1752.0,100,175200.0,220963,224745,32301,6,S,261931,20230320092931
600519,20230320093000560,1752.0,400,700800.0,220963,225041,32375,6,S,262269,20230320092931
600519,20230320093000560,1752.0,200,350400.0,220963,225104,32388,6,S,262345,20230320092931
600519,20230320093000560,1752.0,100,175200.0,220963,225299,32450,6,S,262570,20230320092931
600519,20230320093000560,1752.0,100,175200.0,220963,226156,32733,6,S,263646,20230320092931
600519,20230320093000720,1752.0,100,175200.0,220963,226654,32901,6,S,264268,20230320092931
600519,20230320093000980,1752.0,200,350400.0,220963,227778,33414,6,S,265726,20230320092931
600519,20230320093001110,1752.0,100,175200.0,220963,228003,33508,6,S,266010,20230320092931
600519,20230320093001120,1752.79,100,175279.0,228121,225271,33551,6,B,266158,20230320092931
600519,20230320093001210,1752.0,100,175200.0,220963,229232,33964,6,S,267496,20230320092931
600519,20230320093001210,1752.0,100,175200.0,220963,229367,34000,6,S,267644,20230320092931
600519,20230320093001210,1752.0,100,175200.0,220963,229444,34047,6,S,267749,20230320092931
600519,20230320093001210,1752.0,100,175200.0,220963,229650,34125,6,S,267991,20230320092931
600519,20230320093001210,1752.0,200,350400.0,220963,229740,34164,6,S,268106,20230320092931
600519,20230320093001210,1752.0,100,175200.0,220963,229920,34235,6,S,268336,20230320092931
600519,20230320093001290,1752.0,300,525600.0,220963,230163,34341,6,S,268637,20230320093001
600519,20230320093001290,1752.0,100,175200.0,225399,230163,34342,6,S,268638,20230320093001
600519,20230320093001290,1751.8,100,175180.0,222825,230163,34343,6,S,268639,20230320093001
600519,20230320093001420,1751.51,100,175151.0,229991,232455,35132,6,S,271373,20230320093001
600519,20230320093001420,1755.0,100,175500.0,232668,27667,35221,6,B,271633,20230320093001
600519,20230320093001420,1755.0,100,175500.0,232668,113940,35222,6,B,271634,20230320093001
600519,20230320093001420,1755.0,100,175500.0,233280,180429,35461,6,B,272349,20230320093001
600519,20230320093001580,1753.85,100,175385.0,233662,233493,35607,6,B,272825,20230320093001
600519,20230320093001580,1751.8,100,175180.0,234530,234641,35960,6,S,274007,20230320093001
600519,20230320093001720,1751.5,100,175150.0,219922,235267,36275,6,S,274847,20230320093001
600519,20230320093001870,1751.5,200,350300.0,219922,237154,37067,6,S,277216,20230320093001
600519,20230320093001870,1751.01,100,175101.0,229943,237154,37068,6,S,277217,20230320093001
600519,20230320093001870,1751.0,100,175100.0,199870,237739,37296,6,S,277943,20230320093001
600519,20230320093001870,1751.0,100,175100.0,199870,237746,37297,6,S,277951,20230320093001
600519,20230320093001870,1751.0,100,175100.0,199870,238197,37542,6,S,278558,20230320093001
600519,20230320093002010,1751.0,100,175100.0,199870,240026,38275,6,S,280881,20230320093001
600519,20230320093002170,1751.78,100,175178.0,240939,234641,38612,6,B,282008,20230320093001
600519,20230320093002170,1751.0,100,175100.0,199870,241350,38739,6,S,282472,20230320093001
600519,20230320093002170,1751.0,500,875500.0,199870,241479,38779,6,S,282614,20230320093001
600519,20230320093002170,1751.0,100,175100.0,199870,241813,38873,6,S,282985,20230320093001
600519,20230320093002340,1751.78,400,700712.0,244392,234641,39881,6,B,286227,20230320093001
600519,20230320093002480,1751.78,100,175178.0,244742,234641,40056,6,B,286694,20230320093001
600519,20230320093002480,1751.78,400,700712.0,244943,234641,40190,6,B,286993,20230320093001
600519,20230320093002640,1751.01,100,175101.0,243212,246665,40689,6,S,288990,20230320093001
600519,20230320093002640,1751.78,100,175178.0,246721,234641,40702,6,B,289053,20230320093001
600519,20230320093002640,1751.0,100,175100.0,199870,247030,40781,6,S,289415,20230320093001
600519,20230320093002640,1751.78,100,175178.0,247053,234641,40786,6,B,289443,20230320093001
600519,20230320093002640,1751.78,100,175178.0,247202,234641,40830,6,B,289614,20230320093001
600519,20230320093002640,1751.0,100,175100.0,199870,247292,40855,6,S,289721,20230320093001
600519,20230320093002910,1751.5,100,175150.0,249930,250549,41939,6,S,293602,20230320093001
600519,20230320093002910,1751.0,100,175100.0,199870,251519,42267,6,S,294771,20230320093001
600519,20230320093003060,1751.0,100,175100.0,199870,252505,42530,6,S,295889,20230320093001
600519,20230320093003140,1751.0,100,175100.0,199870,253763,42936,6,S,297381,20230320093004
600519,20230320093003430,1751.01,100,175101.0,255759,258087,44798,6,S,302891,20230320093004
600519,20230320093003430,1751.0,300,525300.0,199870,258087,44799,6,S,302892,20230320093004
600519,20230320093003720,1751.78,100,175178.0,260309,234641,45489,6,B,305509,20230320093004
600519,20230320093003720,1751.01,100,175101.0,258991,260852,45663,6,S,306139,20230320093004
600519,20230320093003720,1751.0,100,175100.0,199870,260876,45666,6,S,306165,20230320093004
600519,20230320093003720,1751.0,100,175100.0,199870,260894,45669,6,S,306184,20230320093004
600519,20230320093003720,1751.0,300,525300.0,199870,261465,45826,6,S,306851,20230320093004
600519,20230320093003860,1751.0,115,201365.0,199870,262512,46230,6,S,308103,20230320093004
600519,20230320093003860,1751.0,85,148835.0,206178,262512,46231,6,S,308104,20230320093004
600519,20230320093003860,1751.0,15,26265.0,206178,262701,46304,6,S,308321,20230320093004
600519,20230320093003860,1751.0,85,148835.0,220180,262701,46305,6,S,308322,20230320093004
600519,20230320093004160,1751.0,600,1050600.0,220180,265890,47413,6,S,312129,20230320093004
600519,20230320093004160,1751.78,100,175178.0,266302,234641,47547,6,B,312616,20230320093004
600519,20230320093004160,1751.79,100,175179.0,266602,259902,47639,6,B,312951,20230320093004
600519,20230320093004160,1751.78,100,175178.0,266445,266634,47657,6,S,312992,20230320093004
600519,20230320093004160,1751.0,100,175100.0,220180,266634,47658,6,S,312993,20230320093004
600519,20230320093004630,1751.78,100,175178.0,266649,272313,49720,6,S,319999,20230320093004
600519,20230320093004770,1751.0,100,175100.0,220180,273173,50031,6,S,321060,20230320093004
600519,20230320093004770,1751.0,100,175100.0,220180,273408,50141,6,S,321375,20230320093004
600519,20230320093004770,1751.0,15,26265.0,220180,274177,50429,6,S,322314,20230320093004
600519,20230320093004770,1751.0,85,148835.0,226146,274177,50430,6,S,322315,20230320093004
600519,20230320093005070,1751.79,100,175179.0,277481,264502,51639,6,B,326469,20230320093004
600519,20230320093005070,1751.8,100,175180.0,277481,248277,51640,6,B,326470,20230320093004
600519,20230320093005070,1751.85,42,73577.7,277481,277576,51682,6,S,326588,20230320093004
600519,20230320093005200,1751.85,100,175185.0,277481,278157,51891,6,S,327286,20230320093007
600519,20230320093005200,1751.85,100,175185.0,277481,279684,52514,6,S,329184,20230320093007
600519,20230320093005330,1751.85,100,175185.0,277481,281003,53027,6,S,330809,20230320093007
600519,20230320093005630,1751.85,358,627162.3,277481,283828,54123,6,S,334287,20230320093007
600519,20230320093005630,1751.2,100,175120.0,279992,283828,54124,6,S,334288,20230320093007
600519,20230320093005630,1751.0,15,26265.0,226146,283828,54125,6,S,334289,20230320093007
600519,20230320093005630,1751.0,100,175100.0,249898,283828,54126,6,S,334290,20230320093007
600519,20230320093005630,1751.0,100,175100.0,277483,283828,54127,6,S,334291,20230320093007
600519,20230320093005780,1751.0,127,222377.0,286065,283828,55090,6,B,337153,20230320093007
600519,20230320093005780,1751.0,73,127823.0,286065,284914,55091,6,B,337154,20230320093007
600519,20230320093005780,1751.0,27,47277.0,286628,284914,55453,6,B,337997,20230320093007
600519,20230320093005780,1751.5,100,175150.0,286628,286602,55454,6,B,337998,20230320093007
600519,20230320093005780,1751.78,73,127879.94,286628,286230,55455,6,B,337999,20230320093007
600519,20230320093005940,1751.5,100,175150.0,288565,287071,56320,6,B,340517,20230320093007
600519,20230320093006080,1751.5,100,175150.0,289551,288564,56666,6,B,341662,20230320093007
600519,20230320093006080,1751.6,100,175160.0,289551,288526,56667,6,B,341663,20230320093007
600519,20230320093006080,1751.78,27,47298.06,289551,286230,56668,6,B,341664,20230320093007
600519,20230320093006080,1751.8,300,525540.0,289551,285746,56669,6,B,341665,20230320093007
600519,20230320093006080,1751.82,100,175182.0,289551,289576,56681,6,S,341697,20230320093007
600519,20230320093006080,1751.82,273,478246.86,289551,290898,57187,6,S,343328,20230320093007
600519,20230320093006080,1750.99,500,875495.0,220139,290898,57188,6,S,343329,20230320093007
600519,20230320093006080,1750.12,100,175012.0,217465,290898,57189,6,S,343330,20230320093007
600519,20230320093006080,1750.01,427,747254.27,193289,290898,57190,6,S,343331,20230320093007
600519,20230320093006210,1751.8,100,175180.0,292056,292635,57921,6,S,345501,20230320093007
600519,20230320093006360,1751.78,200,350356.0,291009,293549,58239,6,S,346601,20230320093007
600519,20230320093006360,1751.78,300,525534.0,292648,293549,58240,6,S,346602,20230320093007
600519,20230320093006360,1751.0,200,350200.0,293126,293549,58241,6,S,346603,20230320093007
600519,20230320093006360,1750.01,100,175001.0,193289,293558,58244,6,S,346613,20230320093007
600519,20230320093006510,1751.0,100,175100.0,296109,293549,59395,6,B,349880,20230320093007
600519,20230320093006510,1751.0,200,350200.0,296109,295866,59396,6,B,349881,20230320093007
600519,20230320093006660,1752.0,100,175200.0,297599,272805,59897,6,B,351655,20230320093007
600519,20230320093006660,1752.0,100,175200.0,297599,286388,59898,6,B,351656,20230320093007
600519,20230320093006660,1752.0,100,175200.0,298017,289909,60080,6,B,352172,20230320093007
600519,20230320093006850,1751.8,100,175180.0,296638,299822,60688,6,S,354316,20230320093007
600519,20230320093006850,1750.01,1900,3325019.0,193289,299822,60689,6,S,354317,20230320093007
600519,20230320093006850,1752.0,300,525600.0,299968,300104,60786,6,S,354646,20230320093007
600519,20230320093007130,1750.01,100,175001.0,193289,302913,61931,6,S,358220,20230320093010
600519,20230320093007710,1750.09,100,175009.0,310186,308815,64621,6,B,367247,20230320093010
600519,20230320093007860,1750.2,100,175020.0,311657,311116,65140,6,B,369009,20230320093010
600519,20230320093007860,1750.2,100,175020.0,311660,311116,65141,6,B,369012,20230320093010
600519,20230320093007860,1750.2,200,350040.0,311663,311116,65142,6,B,369015,20230320093010
600519,20230320093007860,1750.53,100,175053.0,311936,304548,65261,6,B,369354,20230320093010
600519,20230320093007860,1750.01,100,175001.0,193289,312318,65474,6,S,369887,20230320093010
600519,20230320093008020,1750.53,100,175053.0,314937,304548,66435,6,B,373032,20230320093010
600519,20230320093008020,1750.88,100,175088.0,314937,304488,66436,6,B,373033,20230320093010
600519,20230320093008020,1750.99,200,350198.0,314937,312733,66437,6,B,373034,20230320093010
600519,20230320093008300,1751.0,100,175100.0,317128,300104,67224,6,B,375686,20230320093010
600519,20230320093008300,1751.0,100,175100.0,317227,300104,67278,6,B,375813,20230320093010
600519,20230320093008300,1751.0,100,175100.0,317914,300104,67510,6,B,376663,20230320093010
600519,20230320093008550,1751.0,100,175100.0,320210,300104,68422,6,B,379536,20230320093010
600519,20230320093008550,1751.0,100,175100.0,320316,300104,68456,6,B,379653,20230320093010
600519,20230320093008550,1750.01,1500,2625015.0,193289,320520,68542,6,S,379927,20230320093010
600519,20230320093008550,1750.01,100,175001.0,193289,320690,68621,6,S,380151,20230320093010
600519,20230320093008550,1750.01,100,175001.0,193289,321042,68816,6,S,380663,20230320093010
600519,20230320093008690,1750.01,500,875005.0,193289,321406,68961,6,S,381128,20230320093010
600519,20230320093008690,1751.0,100,175100.0,321820,300104,69138,6,B,381655,20230320093010
600519,20230320093008690,1751.0,100,175100.0,321820,300460,69139,6,B,381656,20230320093010
600519,20230320093008690,1751.0,100,175100.0,321821,304616,69140,6,B,381657,20230320093010
600519,20230320093008990,1750.69,100,175069.0,325796,325595,70610,6,B,386581,20230320093013
600519,20230320093009260,1750.69,100,175069.0,329386,325637,71979,6,B,391019,20230320093013
600519,20230320093009800,1750.69,100,175069.0,335268,325637,74013,6,B,398297,20230320093013
600519,20230320093009800,1750.01,100,175001.0,193289,335428,74067,6,S,398482,20230320093013
600519,20230320093009800,1750.01,100,175001.0,193289,335429,74068,6,S,398483,20230320093013
600519,20230320093009800,1750.01,100,175001.0,193289,335431,74071,6,S,398487,20230320093013
600519,20230320093009800,1750.01,100,175001.0,193289,335434,74072,6,S,398492,20230320093013
600519,20230320093009800,1750.01,200,350002.0,193289,335453,74080,6,S,398518,20230320093013
600519,20230320093009800,1750.01,173,302751.73,193289,335543,74148,6,S,398662,20230320093013
600519,20230320093009800,1750.01,27,47250.27,218308,335543,74149,6,S,398663,20230320093013
600519,20230320093009800,1750.01,73,127750.73,218308,335630,74174,6,S,398763,20230320093013
600519,20230320093009800,1750.01,100,175001.0,335763,335630,74220,6,B,398926,20230320093013
600519,20230320093009800,1750.01,27,47250.27,336539,335630,74501,6,B,399897,20230320093013
600519,20230320093009800,1750.01,73,127750.73,336539,335672,74502,6,B,399898,20230320093013
600519,20230320093009950,1750.0,100,175000.0,165003,337560,74873,6,S,401152,20230320093013
600519,20230320093009950,1750.0,100,175000.0,187066,337560,74874,6,S,401153,20230320093013
600519,20230320093009950,1750.01,100,175001.0,338303,335672,75081,6,B,402046,20230320093013
600519,20230320093010080,1750.01,27,47250.27,339657,335672,75531,6,B,403730,20230320093013
600519,20230320093010080,1750.01,73,127750.73,339657,335698,75532,6,B,403731,20230320093013
600519,20230320093010230,1750.01,27,47250.27,341115,335698,76168,6,B,405576,20230320093013
600519,20230320093010230,1750.01,73,127750.73,341115,336714,76169,6,B,405577,20230320093013
600519,20230320093010230,1750.01,27,47250.27,341836,336714,76419,6,B,406468,20230320093013
600519,20230320093010230,1750.01,100,175001.0,341836,336716,76420,6,B,406469,20230320093013
600519,20230320093010230,1750.01,100,175001.0,341836,341688,76421,6,B,406470,20230320093013
600519,20230320093010230,1750.01,200,350002.0,341836,341689,76422,6,B,406471,20230320093013
600519,20230320093010230,1750.01,100,175001.0,341836,341692,76423,6,B,406472,20230320093013
600519,20230320093010230,1750.99,73,127822.27,341836,335100,76424,6,B,406473,20230320093013
600519,20230320093010230,1750.99,27,47276.73,341837,335100,76425,6,B,406474,20230320093013
600519,20230320093010230,1751.0,273,478023.0,341837,306770,76426,6,B,406475,20230320093013
600519,20230320093010350,1750.0,100,175000.0,191479,342878,76833,6,S,407837,20230320093013
600519,20230320093010350,1750.0,100,175000.0,192838,342878,76834,6,S,407838,20230320093013
600519,20230320093010350,1750.0,100,175000.0,198126,342878,76835,6,S,407839,20230320093013
600519,20230320093010350,1750.0,100,175000.0,226373,342879,76836,6,S,407841,20230320093013
600519,20230320093010350,1750.0,100,175000.0,251525,342886,76838,6,S,407851,20230320093013
600519,20230320093010350,1750.0,200,350000.0,251525,342897,76841,6,S,407864,20230320093013
600519,20230320093010350,1750.0,100,175000.0,286735,342897,76842,6,S,407865,20230320093013
600519,20230320093010350,1750.0,100,175000.0,311647,342897,76843,6,S,407866,20230320093013
600519,20230320093010630,1749.03,100,174903.0,345571,342897,77898,6,B,411334,20230320093013
600519,20230320093010630,1749.03,200,349806.0,345575,342897,77902,6,B,411339,20230320093013
600519,20230320093010630,1749.03,300,524709.0,345575,342898,77903,6,B,411340,20230320093013
600519,20230320093010630,1749.03,200,349806.0,345575,342900,77904,6,B,411341,20230320093013
600519,20230320093010630,1749.03,300,524709.0,345575,342938,77905,6,B,411342,20230320093013
600519,20230320093010630,1748.5,100,174850.0,157035,346242,78138,6,S,412145,20230320093013
600519,20230320093010630,1748.5,100,174850.0,161580,346242,78139,6,S,412146,20230320093013
600519,20230320093010630,1748.0,100,174800.0,143559,346242,78140,6,S,412147,20230320093013
600519,20230320093010630,1748.0,100,174800.0,346540,346242,78247,6,B,412528,20230320093013
600519,20230320093010630,1748.0,100,174800.0,346542,346242,78254,6,B,412535,20230320093013
600519,20230320093010630,1748.0,400,699200.0,346542,346244,78255,6,B,412536,20230320093013
600519,20230320093010630,1748.0,300,524400.0,346832,346244,78543,6,B,413092,20230320093013
600519,20230320093010630,1748.0,100,174800.0,347097,346244,78646,6,B,413412,20230320093013
600519,20230320093010630,1749.03,100,174903.0,347097,343215,78647,6,B,413413,20230320093013
600519,20230320093010630,1749.03,100,174903.0,347097,343351,78648,6,B,413414,20230320093013
600519,20230320093010630,1749.03,100,174903.0,347097,343626,78649,6,B,413415,20230320093013
600519,20230320093010630,1750.01,100,175001.0,347097,342484,78650,6,B,413416,20230320093013
600519,20230320093010910,1750.0,500,875000.0,347275,348932,79471,6,S,415877,20230320093016
600519,20230320093010910,1750.99,100,175099.0,349454,342534,79666,6,B,416543,20230320093016
600519,20230320093011180,1750.01,100,175001.0,352969,349640,81230,6,B,421302,20230320093016
600519,20230320093011180,1750.01,100,175001.0,352969,350353,81231,6,B,421303,20230320093016
600519,20230320093011180,1750.99,100,175099.0,352969,342534,81232,6,B,421304,20230320093016
600519,20230320093011180,1748.5,100,174850.0,347276,353567,81508,6,S,422136,20230320093016
600519,20230320093011310,1750.01,100,175001.0,354535,353990,82088,6,B,423560,20230320093016
600519,20230320093011310,1750.01,100,175001.0,354535,353991,82089,6,B,423561,20230320093016
600519,20230320093011310,1750.99,100,175099.0,354535,342534,82090,6,B,423562,20230320093016
600519,20230320093011310,1750.99,200,350198.0,354535,342536,82091,6,B,423563,20230320093016
600519,20230320093011310,1750.99,100,175099.0,354535,343254,82092,6,B,423564,20230320093016
600519,20230320093011310,1748.5,100,174850.0,347276,354760,82159,6,S,423843,20230320093016
600519,20230320093011450,1749.89,100,174989.0,357019,356508,83257,6,B,427019,20230320093016
600519,20230320093011450,1750.01,100,175001.0,357034,356153,83270,6,B,427041,20230320093016
600519,20230320093011600,1750.01,100,175001.0,357148,356704,83340,6,B,427196,20230320093016
600519,20230320093011600,1750.01,100,175001.0,357516,357462,83476,6,B,427665,20230320093016
600519,20230320093011600,1750.01,100,175001.0,358494,357882,83798,6,B,428917,20230320093016
600519,20230320093011730,1748.5,200,349700.0,347276,358885,84055,6,S,429535,20230320093016
600519,20230320093011730,1748.0,100,174800.0,359562,358885,84274,6,B,430520,20230320093016
600519,20230320093012000,1748.0,100,174800.0,362277,358885,85388,6,B,434211,20230320093016
600519,20230320093012000,1750.0,100,175000.0,362609,360555,85530,6,B,434670,20230320093016
600519,20230320093012390,1747.0,100,174700.0,240557,366696,87414,6,S,440309,20230320093016
600519,20230320093012390,1748.5,100,174850.0,366717,365784,87422,6,B,440333,20230320093016
600519,20230320093012390,1750.0,100,175000.0,367473,360557,87767,6,B,441336,20230320093016
600519,20230320093012390,1750.0,100,175000.0,367475,360561,87768,6,B,441338,20230320093016
600519,20230320093012510,1750.0,100,175000.0,369404,360574,88696,6,B,444120,20230320093016
600519,20230320093013300,1748.23,200,349646.0,377849,375599,92442,6,B,455806,20230320093019
600519,20230320093013300,1748.3,100,174830.0,377849,370573,92443,6,B,455807,20230320093019
600519,20230320093013300,1748.5,100,174850.0,377849,373676,92444,6,B,455808,20230320093019
600519,20230320093013800,1748.5,100,174850.0,383184,373676,94834,6,B,463703,20230320093019
600519,20230320093014020,1746.0,100,174600.0,182551,384768,95533,6,S,466074,20230320093019
600519,20230320093014020,1746.0,100,174600.0,246132,384782,95542,6,S,466098,20230320093019
600519,20230320093014020,1746.0,100,174600.0,384825,384782,95563,6,B,466166,20230320093019
600519,20230320093014020,1748.5,200,349700.0,384825,373676,95564,6,B,466167,20230320093019
600519,20230320093014020,1745.11,100,174511.0,357785,384921,95634,6,S,466307,20230320093019
600519,20230320093014020,1749.24,16,27987.84,385089,377421,95705,6,B,466554,20230320093019
600519,20230320093014020,1750.0,84,147000.0,385089,360591,95706,6,B,466555,20230320093019
600519,20230320093014020,1750.0,116,203000.0,385541,360591,95883,6,B,467233,20230320093019
600519,20230320093014020,1750.0,300,525000.0,385541,360592,95884,6,B,467234,20230320093019
600519,20230320093014020,1750.0,84,147000.0,385541,362595,95885,6,B,467235,20230320093019
600519,20230320093014190,1750.0,16,28000.0,386681,362595,96447,6,B,468982,20230320093019
600519,20230320093014190,1750.0,84,147000.0,386681,368913,96448,6,B,468983,20230320093019
600519,20230320093014470,1750.0,100,175000.0,388655,368913,97427,6,B,471932,20230320093019
600519,20230320093014540,1750.0,100,175000.0,389249,368913,97637,6,B,472778,20230320093019
600519,20230320093014680,1750.0,216,378000.0,390213,368913,98089,6,B,474206,20230320093019
600519,20230320093014680,1750.0,284,497000.0,390213,371933,98090,6,B,474207,20230320093019
600519,20230320093014710,1748.0,300,524400.0,385596,390453,98213,6,S,474563,20230320093019
600519,20230320093014740,1748.0,100,174800.0,390780,390453,98391,6,B,475043,20230320093019
600519,20230320093014760,1746.01,100,174601.0,390882,391102,98523,6,S,475519,20230320093019
600519,20230320093015410,1746.0,100,174600.0,395632,391102,100512,6,B,482327,20230320093022
600519,20230320093015810,1746.0,100,174600.0,397951,394531,101969,6,B,486265,20230320093022
600519,20230320093015900,1745.0,100,174500.0,180892,398650,102289,6,S,487270,20230320093022
600519,20230320093015900,1745.0,100,174500.0,185026,398650,102290,6,S,487271,20230320093022
600519,20230320093015900,1745.0,100,174500.0,187524,398650,102291,6,S,487272,20230320093022
600519,20230320093015900,1745.0,200,349000.0,205890,398650,102292,6,S,487273,20230320093022
600519,20230320093015900,1745.0,100,174500.0,363007,398650,102293,6,S,487274,20230320093022
600519,20230320093015940,1744.0,100,174400.0,59903,398848,102350,6,S,487535,20230320093022
600519,20230320093015940,1744.0,100,174400.0,81177,398848,102351,6,S,487536,20230320093022
600519,20230320093015940,1744.0,400,697600.0,86607,398848,102352,6,S,487537,20230320093022
600519,20230320093015940,1744.0,200,348800.0,116142,398848,102353,6,S,487538,20230320093022
600519,20230320093016190,1746.0,100,174600.0,400069,397501,103069,6,B,489613,20230320093022
600519,20230320093016380,1747.38,100,174738.0,401027,400016,103561,6,B,491263,20230320093022
600519,20230320093016410,1747.38,100,174738.0,401037,400016,103576,6,B,491293,20230320093022
600519,20230320093016670,1746.0,100,174600.0,402882,402239,104342,6,B,494189,20230320093022
600519,20230320093016670,1747.38,400,698952.0,402882,400159,104343,6,B,494190,20230320093022
600519,20230320093016670,1748.0,100,174800.0,402882,390453,104344,6,B,494191,20230320093022
600519,20230320093016670,1748.5,100,174850.0,402882,396001,104345,6,B,494192,20230320093022
600519,20230320093016780,1746.0,100,174600.0,403411,403262,104594,6,B,495065,20230320093022
600519,20230320093016830,1746.0,100,174600.0,403682,403262,104762,6,B,495507,20230320093022
600519,20230320093016870,1748.5,100,174850.0,403955,396001,104974,6,B,496011,20230320093022
600519,20230320093016930,1744.01,100,174401.0,404300,404316,105096,6,S,496575,20230320093022
600519,20230320093016930,1744.0,100,174400.0,118719,404364,105106,6,S,496638,20230320093022
600519,20230320093016960,1744.0,100,174400.0,122210,404551,105180,6,S,496915,20230320093022
600519,20230320093016980,1744.0,100,174400.0,137147,404781,105222,6,S,497193,20230320093022
600519,20230320093016980,1744.0,100,174400.0,404783,404782,105223,6,B,497195,20230320093022
600519,20230320093017010,1744.0,100,174400.0,404899,404784,105254,6,B,497362,20230320093022
600519,20230320093017010,1745.0,100,174500.0,404909,404333,105265,6,B,497380,20230320093022
600519,20230320093017060,1744.0,100,174400.0,405325,405181,105420,6,B,498107,20230320093022
600519,20230320093017170,1744.0,100,174400.0,405820,405181,105674,6,B,498870,20230320093022
600519,20230320093017260,1743.97,100,174397.0,406179,405836,105863,6,B,499482,20230320093022
600519,20230320093017310,1744.0,100,174400.0,406511,405428,105992,6,B,499975,20230320093022
600519,20230320093017410,1744.0,100,174400.0,407108,405428,106307,6,B,501066,20230320093022
600519,20230320093017490,1744.0,100,174400.0,407451,405428,106508,6,B,501665,20230320093022
600519,20230320093017550,1744.0,100,174400.0,407638,405428,106573,6,B,502004,20230320093022
600519,20230320093017650,1744.0,100,174400.0,408119,405428,106830,6,B,502798,20230320093022
600519,20230320093017710,1744.0,100,174400.0,408258,405428,106887,6,B,503043,20230320093022
600519,20230320093017820,1744.01,100,174401.0,408400,408749,107129,6,S,504060,20230320093022
600519,20230320093018250,1744.01,100,174401.0,409329,410495,108155,6,S,507513,20230320093025
600519,20230320093018410,1744.0,100,174400.0,411105,410496,108500,6,B,508632,20230320093025
600519,20230320093018530,1744.0,100,174400.0,411831,410497,108982,6,B,509830,20230320093025
600519,20230320093018700,1745.0,100,174500.0,412505,404333,109373,6,B,510995,20230320093025
600519,20230320093019520,1745.0,100,174500.0,415670,410404,111025,6,B,516188,20230320093025
600519,20230320093019520,1745.0,100,174500.0,415670,413338,111026,6,B,516189,20230320093025
600519,20230320093019970,1744.01,100,174401.0,414104,417167,111995,6,S,518803,20230320093025
600519,20230320093020000,1744.01,100,174401.0,417319,417169,112072,6,B,519088,20230320093025
600519,20230320093020000,1744.01,100,174401.0,417319,417170,112073,6,B,519089,20230320093025
600519,20230320093020000,1744.01,100,174401.0,417319,417171,112074,6,B,519090,20230320093025
600519,20230320093020000,1744.01,100,174401.0,417326,417172,112076,6,B,519101,20230320093025
600519,20230320093020000,1744.01,100,174401.0,417326,417181,112077,6,B,519102,20230320093025
600519,20230320093020120,1744.01,100,174401.0,417871,417649,112443,6,B,520139,20230320093025
600519,20230320093020640,1744.02,100,174402.0,418751,419840,113577,6,S,523290,20230320093025
600519,20230320093020700,1744.01,100,174401.0,417886,419971,113647,6,S,523508,20230320093025
600519,20230320093021100,1745.11,100,174511.0,421231,420026,114465,6,B,525690,20230320093025
600519,20230320093021240,1744.0,100,174400.0,416009,421842,114744,6,S,526628,20230320093025
600519,20230320093022280,1745.0,100,174500.0,425584,424426,117146,6,B,533178,20230320093028
600519,20230320093022280,1745.99,200,349198.0,425584,417342,117147,6,B,533179,20230320093028
600519,20230320093022380,1744.0,100,174400.0,425911,425681,117332,6,B,533661,20230320093028
600519,20230320093023050,1743.36,100,174336.0,351700,428198,118803,6,S,537776,20230320093028
600519,20230320093023050,1744.0,100,174400.0,428202,425681,118804,6,B,537786,20230320093028
600519,20230320093023100,1744.0,200,348800.0,428332,425681,118852,6,B,538024,20230320093028
600519,20230320093023100,1744.01,100,174401.0,428332,427921,118853,6,B,538025,20230320093028
600519,20230320093023100,1743.36,100,174336.0,428374,428349,118869,6,B,538088,20230320093028
600519,20230320093023130,1744.0,200,348800.0,428374,428456,118922,6,S,538249,20230320093028
600519,20230320093023130,1744.0,200,348800.0,428389,428632,119039,6,S,538512,20230320093028
600519,20230320093023240,1744.03,100,174403.0,428695,428974,119269,6,S,539092,20230320093028
600519,20230320093023290,1746.0,100,174600.0,429220,409811,119437,6,B,539523,20230320093028
600519,20230320093023290,1746.0,100,174600.0,429220,415084,119438,6,B,539524,20230320093028
600519,20230320093023290,1746.0,100,174600.0,429220,420027,119439,6,B,539525,20230320093028
600519,20230320093023290,1747.38,300,524214.0,429220,405357,119440,6,B,539526,20230320093028
600519,20230320093023360,1744.0,100,174400.0,428389,429437,119569,6,S,539885,20230320093028
600519,20230320093023360,1743.01,200,348602.0,215639,429437,119570,6,S,539886,20230320093028
600519,20230320093023700,1743.0,100,174300.0,24343,430320,120376,6,S,541545,20230320093028
600519,20230320093023700,1743.0,100,174300.0,32326,430357,120388,6,S,541594,20230320093028
600519,20230320093024570,1742.1,100,174210.0,274146,433383,122332,6,S,546653,20230320093028
600519,20230320093025640,1742.1,100,174210.0,437080,433383,124437,6,B,552568,20230320093028
600519,20230320093025710,1742.1,100,174210.0,437265,433383,124540,6,B,552870,20230320093028
600519,20230320093025930,1742.05,100,174205.0,362591,437838,125025,6,S,553881,20230320093028
600519,20230320093025990,1742.05,100,174205.0,438050,437838,125166,6,B,554215,20230320093028
600519,20230320093026020,1742.05,100,174205.0,438145,437888,125252,6,B,554394,20230320093028
600519,20230320093026020,1742.05,100,174205.0,438145,438001,125253,6,B,554395,20230320093028
600519,20230320093026020,1742.09,200,348418.0,438145,438052,125254,6,B,554396,20230320093028
600519,20230320093026020,1742.1,100,174210.0,438145,433383,125255,6,B,554397,20230320093028
600519,20230320093026120,1742.05,100,174205.0,438419,438157,125446,6,B,554853,20230320093028
600519,20230320093026380,1742.04,100,174204.0,439215,439052,125952,6,B,556342,20230320093031
600519,20230320093028010,1742.04,100,174204.0,440968,444714,129250,6,S,565053,20230320093031
600519,20230320093028160,1742.05,100,174205.0,445263,442286,129568,6,B,566059,20230320093031
600519,20230320093028270,1742.05,100,174205.0,445589,442287,129746,6,B,566586,20230320093031
600519,20230320093028930,1742.01,100,174201.0,188332,447809,131050,6,S,570082,20230320093031
600519,20230320093028930,1742.01,100,174201.0,212885,447814,131052,6,S,570088,20230320093031
600519,20230320093028930,1742.0,100,174200.0,20062,447814,131053,6,S,570089,20230320093031
600519,20230320093028930,1742.0,100,174200.0,21295,447814,131054,6,S,570090,20230320093031
600519,20230320093028930,1742.0,300,522600.0,31715,447814,131055,6,S,570091,20230320093031
600519,20230320093028930,1742.0,100,174200.0,35003,447814,131056,6,S,570092,20230320093031
600519,20230320093029280,1742.0,100,174200.0,73800,448957,131830,6,S,572022,20230320093031
600519,20230320093029280,1742.0,100,174200.0,84325,448957,131831,6,S,572023,20230320093031
600519,20230320093029650,1742.0,600,1045200.0,87165,449867,132475,6,S,573487,20230320093031
600519,20230320093029650,1742.0,100,174200.0,98806,449867,132476,6,S,573488,20230320093031
600519,20230320093029650,1742.0,100,174200.0,120485,449867,132477,6,S,573489,20230320093031
600519,20230320093029650,1742.0,100,174200.0,122010,449867,132478,6,S,573490,20230320093031
600519,20230320093029650,1742.0,100,174200.0,124099,449867,132479,6,S,573491,20230320093031
600519,20230320093029650,1742.0,2000,3484000.0,134123,449867,132480,6,S,573492,20230320093031
600519,20230320093030040,1742.01,100,174201.0,451063,447815,133095,6,B,575327,20230320093031
600519,20230320093031040,1742.0,100,174200.0,134123,454653,135158,6,S,580959,20230320093034
600519,20230320093031070,1742.0,200,348400.0,134123,454763,135195,6,S,581105,20230320093034
600519,20230320093031100,1742.0,100,174200.0,134123,454895,135250,6,S,581300,20230320093034
600519,20230320093031240,1742.0,100,174200.0,134123,455273,135478,6,S,581946,20230320093034
600519,20230320093031390,1742.01,100,174201.0,455846,447815,135898,6,B,582868,20230320093034
600519,20230320093031460,1742.01,100,174201.0,456083,447816,136063,6,B,583292,20230320093034
600519,20230320093031810,1742.01,100,174201.0,457095,447822,136851,6,B,585100,20230320093034
600519,20230320093031920,1742.0,100,174200.0,134123,457450,137111,6,S,585703,20230320093034
600519,20230320093031920,1742.0,100,174200.0,134123,457477,137128,6,S,585745,20230320093034
600519,20230320093031940,1742.0,100,174200.0,134123,457497,137143,6,S,585771,20230320093034
600519,20230320093031940,1742.0,400,696800.0,134123,457519,137152,6,S,585802,20230320093034
600519,20230320093031940,1742.0,800,1393600.0,134123,457520,137153,6,S,585803,20230320093034
600519,20230320093031940,1742.0,100,174200.0,134123,457545,137169,6,S,585836,20230320093034
600519,20230320093032050,1742.0,100,174200.0,134123,457866,137383,6,S,586348,20230320093034
600519,20230320093032050,1742.0,400,696800.0,134123,457872,137385,6,S,586355,20230320093034
600519,20230320093032130,1742.0,400,696800.0,134123,458170,137569,6,S,586802,20230320093034
600519,20230320093032190,1742.0,200,348400.0,134123,458363,137664,6,S,587113,20230320093034
600519,20230320093032950,1742.01,200,348402.0,460273,447889,138917,6,B,590344,20230320093034
600519,20230320093032950,1742.01,100,174201.0,460273,448360,138918,6,B,590345,20230320093034
600519,20230320093033030,1742.0,100,174200.0,134123,460540,139075,6,S,590881,20230320093034
600519,20230320093033190,1742.0,100,174200.0,134123,461049,139387,6,S,591709,20230320093034
600519,20230320093033190,1742.0,100,174200.0,134123,461050,139388,6,S,591710,20230320093034
600519,20230320093033190,1742.0,100,174200.0,134123,461052,139390,6,S,591712,20230320093034
600519,20230320093033260,1742.01,100,174201.0,461294,448414,139515,6,B,592124,20230320093034
600519,20230320093033300,1742.0,100,174200.0,134123,461426,139625,6,S,592369,20230320093034
600519,20230320093033470,1742.0,100,174200.0,134123,461874,139898,6,S,593224,20230320093034
600519,20230320093033630,1742.0,200,348400.0,134123,462425,140202,6,S,594175,20230320093034
600519,20230320093033810,1742.0,100,174200.0,134123,463091,140797,6,S,595379,20230320093034
600519,20230320093033810,1742.0,100,174200.0,134123,463175,140848,6,S,595490,20230320093034
600519,20230320093033810,1742.0,100,174200.0,134123,463185,140851,6,S,595504,20230320093034
600519,20230320093033990,1742.0,100,174200.0,159580,463580,141111,6,S,596165,20230320093034
600519,20230320093034070,1742.0,100,174200.0,438420,463890,141271,6,S,596637,20230320093034
600519,20230320093034070,1742.0,200,348400.0,457968,463890,141272,6,S,596638,20230320093034
600519,20230320093034130,1742.0,100,174200.0,457968,464038,141346,6,S,596916,20230320093034
600519,20230320093034130,1742.0,100,174200.0,457968,464117,141407,6,S,597066,20230320093034
600519,20230320093034220,1742.01,100,174201.0,464353,452674,141596,6,B,597503,20230320093034
600519,20230320093034870,1742.01,100,174201.0,466188,455143,142742,6,B,600665,20230320093034
600519,20230320093034920,1742.0,100,174200.0,464497,466390,142840,6,S,600965,20230320093034
600519,20230320093034940,1742.0,100,174200.0,464497,466414,142868,6,S,601006,20230320093034
600519,20230320093034940,1742.0,100,174200.0,464497,466416,142869,6,S,601009,20230320093034
600519,20230320093034940,1742.0,100,174200.0,464497,466417,142870,6,S,601011,20230320093034
600519,20230320093034950,1742.0,100,174200.0,466479,466417,142928,6,B,601121,20230320093034
600519,20230320093035040,1742.0,100,174200.0,466540,466663,143049,6,S,601424,20230320093034
600519,20230320093035080,1742.0,100,174200.0,466797,466663,143154,6,B,601685,20230320093034
600519,20230320093035140,1742.01,100,174201.0,466968,460652,143283,6,B,602013,20230320093034
600519,20230320093035970,1741.99,100,174199.0,457980,469045,144561,6,S,605492,20230320093037
600519,20230320093035970,1741.8,100,174180.0,28596,469058,144571,6,S,605514,20230320093037
600519,20230320093035970,1741.8,100,174180.0,28596,469094,144583,6,S,605564,20230320093037
600519,20230320093036300,1741.53,100,174153.0,339650,470130,145266,6,S,607261,20230320093037
600519,20230320093036300,1741.5,100,174150.0,273093,470130,145267,6,S,607262,20230320093037
600519,20230320093036300,1741.0,100,174100.0,134124,470130,145268,6,S,607263,20230320093037
600519,20230320093036300,1741.99,100,174199.0,470161,469269,145298,6,B,607325,20230320093037
600519,20230320093036450,1741.53,200,348306.0,470647,470189,145585,6,B,608167,20230320093037
600519,20230320093036450,1741.53,400,696612.0,470647,470473,145586,6,B,608168,20230320093037
600519,20230320093036450,1741.99,200,348398.0,470647,469269,145587,6,B,608169,20230320093037
600519,20230320093036450,1742.0,100,174200.0,470647,467217,145588,6,B,608170,20230320093037
600519,20230320093036450,1742.0,100,174200.0,470647,467832,145589,6,B,608171,20230320093037
600519,20230320093036450,1742.0,200,348400.0,470647,467853,145590,6,B,608172,20230320093037
600519,20230320093036450,1742.0,100,174200.0,470647,467924,145591,6,B,608173,20230320093037
600519,20230320093036450,1742.0,100,174200.0,470647,468092,145592,6,B,608174,20230320093037
600519,20230320093036450,1742.0,700,1219400.0,470647,468456,145593,6,B,608175,20230320093037
600519,20230320093036450,1742.0,300,522600.0,470647,468826,145594,6,B,608176,20230320093037
600519,20230320093036670,1741.53,300,522459.0,471221,471187,145977,6,B,609119,20230320093037
600519,20230320093037310,1741.53,200,348306.0,473058,471269,147231,6,B,612293,20230320093037
600519,20230320093037310,1742.0,300,522600.0,473058,468826,147232,6,B,612294,20230320093037
600519,20230320093037420,1742.0,100,174200.0,473432,468826,147418,6,B,612813,20230320093037
600519,20230320093037950,1742.0,100,174200.0,475035,468826,148591,6,B,615533,20230320093037
600519,20230320093037970,1741.53,500,870765.0,475087,475037,148613,6,B,615604,20230320093037
600519,20230320093037970,1742.0,100,174200.0,475087,468826,148614,6,B,615605,20230320093037
600519,20230320093037970,1742.0,100,174200.0,475087,469476,148615,6,B,615606,20230320093037
600519,20230320093037970,1742.0,100,174200.0,475087,471055,148616,6,B,615607,20230320093037
600519,20230320093037970,1742.01,400,696804.0,475087,463199,148617,6,B,615608,20230320093037
600519,20230320093037970,1742.01,100,174201.0,475087,467343,148618,6,B,615609,20230320093037
600519,20230320093037970,1742.01,100,174201.0,475087,469343,148619,6,B,615610,20230320093037
600519,20230320093037970,1742.01,100,174201.0,475087,469345,148620,6,B,615611,20230320093037
600519,20230320093037970,1742.01,200,348402.0,475087,470874,148621,6,B,615612,20230320093037
600519,20230320093037970,1742.01,100,174201.0,475087,471364,148622,6,B,615613,20230320093037
600519,20230320093038120,1742.02,100,174202.0,475087,475478,148845,6,S,616271,20230320093037
600519,20230320093038570,1742.02,100,174202.0,475087,476743,149616,6,S,618288,20230320093037
600519,20230320093038570,1742.02,100,174202.0,475087,476745,149617,6,S,618291,20230320093037
600519,20230320093038870,1742.02,400,696808.0,475087,477461,150096,6,S,619450,20230320093037
600519,20230320093038970,1742.05,100,174205.0,477697,464302,150237,6,B,619801,20230320093037
600519,20230320093039070,1742.02,200,348404.0,475087,478010,150409,6,S,620304,20230320093037
600519,20230320093040120,1742.02,100,174202.0,475087,481179,152680,6,S,625621,20230320093040
600519,20230320093040370,1742.02,100,174202.0,475087,482033,153363,6,S,627087,20230320093040
600519,20230320093040950,1742.1,100,174210.0,483610,433383,154860,6,B,630125,20230320093040
600519,20230320093040950,1742.1,100,174210.0,483611,434906,154861,6,B,630127,20230320093040
600519,20230320093040950,1742.1,200,348420.0,483612,434906,154862,6,B,630128,20230320093040
600519,20230320093040950,1742.1,100,174210.0,483613,434906,154863,6,B,630129,20230320093040
600519,20230320093040950,1742.1,100,174210.0,483613,435715,154864,6,B,630130,20230320093040
600519,20230320093040950,1742.1,100,174210.0,483614,435715,154865,6,B,630131,20230320093040
600519,20230320093040950,1743.0,100,174300.0,483614,433540,154866,6,B,630132,20230320093040
600519,20230320093040950,1743.01,100,174301.0,483616,433180,154867,6,B,630134,20230320093040
600519,20230320093040950,1743.01,100,174301.0,483616,434835,154868,6,B,630135,20230320093040
600519,20230320093040950,1743.01,200,348602.0,483617,435524,154869,6,B,630136,20230320093040
600519,20230320093040950,1743.36,100,174336.0,483635,469646,154882,6,B,630174,20230320093040
600519,20230320093040950,1743.01,200,348602.0,483618,483643,154888,6,S,630186,20230320093040
600519,20230320093040950,1743.01,300,522903.0,483634,483643,154889,6,S,630187,20230320093040
600519,20230320093040950,1743.01,100,174301.0,483634,483644,154890,6,S,630188,20230320093040
600519,20230320093040950,1743.01,100,174301.0,483636,483644,154891,6,S,630189,20230320093040
600519,20230320093040950,1743.01,100,174301.0,483638,483644,154892,6,S,630190,20230320093040
600519,20230320093040950,1742.1,100,174210.0,483615,483644,154893,6,S,630191,20230320093040
600519,20230320093041120,1742.1,100,174210.0,483615,484256,155288,6,S,631183,20230320093040
600519,20230320093041370,1742.1,100,174210.0,483615,485079,155819,6,S,632513,20230320093040
600519,20230320093041670,1742.1,100,174210.0,483626,486149,156532,6,S,634200,20230320093040
600519,20230320093041760,1742.1,100,174210.0,483626,486441,156708,6,S,634644,20230320093040
600519,20230320093042500,1744.0,100,174400.0,488969,470198,158224,6,B,638576,20230320093040
600519,20230320093042740,1744.0,100,174400.0,489584,489732,158771,6,S,639821,20230320093040
600519,20230320093042740,1743.36,100,174336.0,487298,489732,158772,6,S,639822,20230320093040
600519,20230320093042810,1744.01,100,174401.0,489948,441143,158901,6,B,640135,20230320093040
600519,20230320093043260,1744.01,100,174401.0,489948,491239,159849,6,S,642294,20230320093040
600519,20230320093043380,1743.36,100,174336.0,487299,491712,160215,6,S,643197,20230320093040
600519,20230320093043380,1742.1,200,348420.0,484205,491712,160216,6,S,643198,20230320093040
600519,20230320093043380,1742.1,100,174210.0,487652,491712,160217,6,S,643199,20230320093040
600519,20230320093043380,1742.04,100,174204.0,486489,491712,160218,6,S,643200,20230320093040
600519,20230320093043380,1742.02,900,1567818.0,475087,491712,160219,6,S,643201,20230320093040
600519,20230320093043380,1742.02,100,174202.0,483750,491712,160220,6,S,643202,20230320093040
600519,20230320093043380,1742.02,100,174202.0,486412,491712,160221,6,S,643203,20230320093040
600519,20230320093043380,1742.01,200,348402.0,481724,491712,160222,6,S,643204,20230320093040
600519,20230320093043650,1742.01,100,174201.0,481724,492573,160783,6,S,644527,20230320093040
600519,20230320093044070,1747.34,100,174734.0,493652,493396,161465,6,B,646203,20230320093043
600519,20230320093044320,1742.02,100,174202.0,493410,494360,161847,6,S,647325,20230320093043
600519,20230320093044320,1742.02,100,174202.0,493847,494360,161848,6,S,647326,20230320093043
600519,20230320093044320,1742.01,100,174201.0,481724,494360,161849,6,S,647327,20230320093043
600519,20230320093044370,1742.01,500,871005.0,481724,494444,161923,6,S,647484,20230320093043
600519,20230320093044610,1742.01,300,522603.0,481724,495158,162488,6,S,648719,20230320093043
600519,20230320093044610,1742.01,400,696804.0,486488,495158,162489,6,S,648720,20230320093043
600519,20230320093044610,1742.01,100,174201.0,493531,495158,162490,6,S,648721,20230320093043
600519,20230320093044910,1742.01,200,348402.0,494725,495910,162929,6,S,649895,20230320093043
600519,20230320093044910,1742.0,100,174200.0,476935,495910,162930,6,S,649896,20230320093043
600519,20230320093045460,1742.01,100,174201.0,497046,498033,164087,6,S,653087,20230320093043
600519,20230320093045460,1742.01,100,174201.0,497726,498033,164088,6,S,653088,20230320093043
600519,20230320093045710,1742.0,100,174200.0,477230,498731,164466,6,S,654177,20230320093043
600519,20230320093045710,1742.0,100,174200.0,481950,498731,164467,6,S,654178,20230320093043
600519,20230320093046010,1742.12,100,174212.0,499101,499634,165306,6,S,655863,20230320093043
600519,20230320093046010,1742.0,100,174200.0,481950,499634,165307,6,S,655864,20230320093043
600519,20230320093046200,1742.0,100,174200.0,481950,500237,165601,6,S,656753,20230320093043
600519,20230320093046500,1742.0,2300,4006600.0,481950,501235,166319,6,S,658407,20230320093043
600519,20230320093046930,1742.02,100,174202.0,502446,502477,167285,6,S,660504,20230320093046
600519,20230320093046930,1742.01,100,174201.0,501937,502477,167286,6,S,660505,20230320093046
600519,20230320093047050,1742.01,100,174201.0,501937,502726,167480,6,S,660945,20230320093046
600519,20230320093047050,1742.01,100,174201.0,502269,502726,167481,6,S,660946,20230320093046
600519,20230320093047190,1742.01,100,174201.0,502269,503192,167832,6,S,661710,20230320093046
600519,20230320093047270,1742.02,100,174202.0,503505,503586,168018,6,S,662240,20230320093046
600519,20230320093047290,1742.02,100,174202.0,503505,503631,168036,6,S,662295,20230320093046
600519,20230320093047290,1742.01,200,348402.0,502269,503631,168037,6,S,662296,20230320093046
600519,20230320093048400,1742.02,100,174202.0,506787,506116,170174,6,B,667250,20230320093046
600519,20230320093048780,1742.03,100,174203.0,507623,507733,170748,6,S,668722,20230320093046
600519,20230320093048800,1742.1,100,174210.0,507764,507797,170798,6,S,668828,20230320093046
600519,20230320093049650,1742.11,100,174211.0,508686,510157,172342,6,S,672636,20230320093046
600519,20230320093049650,1742.1,100,174210.0,507939,510157,172343,6,S,672637,20230320093046
600519,20230320093049650,1742.1,200,348420.0,509410,510157,172344,6,S,672638,20230320093046
600519,20230320093049650,1742.03,100,174203.0,507623,510157,172345,6,S,672639,20230320093046
600519,20230320093049650,1742.01,200,348402.0,502269,510157,172346,6,S,672640,20230320093046
600519,20230320093049650,1742.01,100,174201.0,502590,510157,172347,6,S,672641,20230320093046
600519,20230320093049650,1742.0,200,348400.0,481950,510157,172348,6,S,672642,20230320093046
600519,20230320093049960,1742.0,100,174200.0,481950,510898,172808,6,S,673811,20230320093049
600519,20230320093049960,1742.0,200,348400.0,481950,510901,172809,6,S,673817,20230320093049
600519,20230320093050450,1742.0,100,174200.0,481950,512303,173728,6,S,676057,20230320093049
600519,20230320093050450,1742.0,200,348400.0,502270,512303,173729,6,S,676058,20230320093049
600519,20230320093050450,1742.0,100,174200.0,511019,512303,173730,6,S,676059,20230320093049
600519,20230320093050530,1741.53,100,174153.0,512469,512303,173836,6,B,676328,20230320093049
600519,20230320093050850,1741.53,100,174153.0,513282,512303,174346,6,B,677620,20230320093049
600519,20230320093050890,1741.0,500,870500.0,134124,513352,174426,6,S,677779,20230320093049
600519,20230320093051020,1741.53,100,174153.0,513726,512303,174638,6,B,678325,20230320093049
600519,20230320093051040,1741.53,100,174153.0,513756,512303,174666,6,B,678378,20230320093049
600519,20230320093051040,1741.53,100,174153.0,513775,512303,174680,6,B,678413,20230320093049
600519,20230320093051330,1741.53,100,174153.0,514564,512303,175199,6,B,679729,20230320093049
600519,20230320093051830,1742.01,100,174201.0,516058,514573,176227,6,B,682121,20230320093049
600519,20230320093051830,1742.01,100,174201.0,516060,515194,176236,6,B,682130,20230320093049
600519,20230320093051900,1741.0,500,870500.0,134124,516216,176328,6,S,682379,20230320093049
600519,20230320093052490,1741.53,100,174153.0,517674,517369,177389,6,B,684864,20230320093049
600519,20230320093052660,1741.53,100,174153.0,518007,518174,177694,6,S,685699,20230320093049
600519,20230320093052660,1741.0,200,348200.0,134124,518174,177695,6,S,685700,20230320093049
600519,20230320093052710,1741.0,200,348200.0,134124,518268,177768,6,S,685845,20230320093049
600519,20230320093052960,1741.0,100,174100.0,134124,518989,178356,6,S,687105,20230320093052
600519,20230320093053020,1741.53,100,174153.0,519096,518286,178472,6,B,687350,20230320093052
600519,20230320093053020,1741.53,100,174153.0,519096,518988,178473,6,B,687351,20230320093052
600519,20230320093053300,1742.01,100,174201.0,519819,515194,178905,6,B,688445,20230320093052
600519,20230320093053720,1742.01,100,174201.0,520740,515194,179541,6,B,689944,20230320093052
600519,20230320093053910,1742.0,600,1045200.0,519265,521193,179786,6,S,690626,20230320093052
600519,20230320093053920,1742.01,100,174201.0,521194,515194,179787,6,B,690627,20230320093052
600519,20230320093053920,1742.01,100,174201.0,521194,519428,179788,6,B,690628,20230320093052
600519,20230320093054450,1742.0,200,348400.0,519265,522507,180663,6,S,692702,20230320093052
600519,20230320093054720,1742.0,100,174200.0,519265,523094,181053,6,S,693624,20230320093052
600519,20230320093054730,1742.0,200,348400.0,519265,523158,181087,6,S,693710,20230320093052
600519,20230320093055090,1742.0,500,871000.0,519265,524053,181625,6,S,695083,20230320093052
600519,20230320093055220,1742.0,100,174200.0,519265,524344,181806,6,S,695534,20230320093052
600519,20230320093055390,1742.0,100,174200.0,519265,524754,182183,6,S,696251,20230320093052
600519,20230320093055990,1743.64,100,174364.0,526395,526256,183239,6,B,698786,20230320093055
600519,20230320093055990,1746.92,100,174692.0,526395,526264,183240,6,B,698787,20230320093055
600519,20230320093055990,1746.93,100,174693.0,526395,526001,183241,6,B,698788,20230320093055
600519,20230320093055990,1746.93,100,174693.0,526395,526151,183242,6,B,698789,20230320093055
600519,20230320093055990,1746.93,100,174693.0,526395,526324,183243,6,B,698790,20230320093055
600519,20230320093055990,1746.93,100,174693.0,526395,526326,183244,6,B,698791,20230320093055
600519,20230320093055990,1746.94,100,174694.0,526395,525283,183245,6,B,698792,20230320093055
600519,20230320093055990,1746.94,100,174694.0,526395,525442,183246,6,B,698793,20230320093055
600519,20230320093055990,1746.94,100,174694.0,526395,526255,183247,6,B,698794,20230320093055
600519,20230320093055990,1746.94,100,174694.0,526395,526328,183248,6,B,698795,20230320093055
600519,20230320093055990,1746.95,100,174695.0,526395,524565,183249,6,B,698796,20230320093055
600519,20230320093055990,1746.95,100,174695.0,526395,524667,183250,6,B,698797,20230320093055
600519,20230320093055990,1746.96,100,174696.0,526395,522708,183251,6,B,698798,20230320093055
600519,20230320093055990,1746.96,100,174696.0,526395,523891,183252,6,B,698799,20230320093055
600519,20230320093055990,1746.97,100,174697.0,526395,522167,183253,6,B,698800,20230320093055
600519,20230320093055990,1746.97,100,174697.0,526395,522293,183254,6,B,698801,20230320093055
600519,20230320093055990,1746.98,100,174698.0,526395,521486,183255,6,B,698802,20230320093055
600519,20230320093055990,1746.98,100,174698.0,526395,521606,183256,6,B,698803,20230320093055
600519,20230320093055990,1746.99,100,174699.0,526395,512319,183257,6,B,698804,20230320093055
600519,20230320093055990,1746.99,100,174699.0,526395,512478,183258,6,B,698805,20230320093055
600519,20230320093055990,1746.99,100,174699.0,526395,512640,183259,6,B,698806,20230320093055
600519,20230320093055990,1747.0,500,873500.0,526395,511743,183260,6,B,698807,20230320093055
600519,20230320093056060,1746.92,100,174692.0,526554,526398,183359,6,B,699063,20230320093055
600519,20230320093056070,1742.01,100,174201.0,526547,526568,183364,6,S,699084,20230320093055
600519,20230320093056070,1742.0,100,174200.0,519265,526568,183365,6,S,699085,20230320093055
600519,20230320093056320,1742.01,100,174201.0,526671,527230,183845,6,S,700156,20230320093055
600519,20230320093056320,1742.01,100,174201.0,526702,527230,183846,6,S,700157,20230320093055
600519,20230320093056320,1742.0,600,1045200.0,519265,527230,183847,6,S,700158,20230320093055
600519,20230320093056340,1742.0,100,174200.0,519265,527379,183970,6,S,700401,20230320093055
600519,20230320093056670,1742.02,100,174202.0,527835,528164,184411,6,S,701652,20230320093055
600519,20230320093056670,1742.02,100,174202.0,528041,528164,184412,6,S,701653,20230320093055
600519,20230320093056670,1742.01,100,174201.0,527426,528164,184413,6,S,701654,20230320093055
600519,20230320093056900,1746.92,100,174692.0,528644,526576,184824,6,B,702494,20230320093055
600519,20230320093056900,1747.0,100,174700.0,528645,526579,184825,6,B,702495,20230320093055
600519,20230320093056980,1746.99,100,174699.0,528820,528826,184943,6,S,702777,20230320093055
600519,20230320093057150,1742.03,100,174203.0,529075,529329,185185,6,S,703462,20230320093055
600519,20230320093057150,1742.02,100,174202.0,528225,529329,185186,6,S,703463,20230320093055
600519,20230320093057170,1742.02,100,174202.0,528384,529369,185227,6,S,703532,20230320093055
600519,20230320093057170,1742.01,100,174201.0,527597,529406,185246,6,S,703579,20230320093055
600519,20230320093057470,1742.04,100,174204.0,529878,530213,185806,6,S,704901,20230320093055
600519,20230320093057470,1742.04,100,174204.0,529920,530213,185807,6,S,704902,20230320093055
600519,20230320093057470,1742.03,100,174203.0,529444,530213,185808,6,S,704903,20230320093055
600519,20230320093057470,1742.03,100,174203.0,529892,530213,185809,6,S,704904,20230320093055
600519,20230320093057590,1742.01,100,174201.0,530523,530213,186037,6,B,705420,20230320093055
600519,20230320093057620,1742.01,100,174201.0,530647,530213,186086,6,B,705589,20230320093055
600519,20230320093057670,1742.01,200,348402.0,530763,530213,186144,6,B,705753,20230320093055
600519,20230320093057710,1742.01,100,174201.0,530875,530213,186224,6,B,705923,20230320093055
600519,20230320093057760,1742.01,100,174201.0,530971,530213,186262,6,B,706050,20230320093055
600519,20230320093057760,1742.01,3100,5400231.0,530989,530213,186269,6,B,706075,20230320093055
600519,20230320093057980,1746.98,100,174698.0,531281,531619,186644,6,S,706978,20230320093055
600519,20230320093058240,1742.02,100,174202.0,532000,532279,187006,6,S,708011,20230320093055
600519,20230320093058240,1746.65,100,174665.0,532357,531678,187035,6,B,708111,20230320093055
600519,20230320093058970,1742.02,100,174202.0,532253,534233,188599,6,S,711472,20230320093058
600519,20230320093059070,1746.92,100,174692.0,534460,533434,188708,6,B,711802,20230320093058
600519,20230320093059080,1742.02,100,174202.0,534270,534513,188755,6,S,711895,20230320093058
600519,20230320093059080,1742.0,100,174200.0,519265,534513,188756,6,S,711896,20230320093058
600519,20230320093059200,1742.02,100,174202.0,534574,534792,188955,6,S,712367,20230320093058
600519,20230320093059200,1742.0,100,174200.0,519265,534792,188956,6,S,712368,20230320093058
600519,20230320093100400,1742.01,100,174201.0,534804,538282,191139,6,S,717728,20230320093058
600519,20230320093100400,1742.0,100,174200.0,519265,538282,191140,6,S,717729,20230320093058
600519,20230320093101230,1746.9,100,174690.0,540924,538688,192838,6,B,721864,20230320093058
600519,20230320093101290,1746.91,100,174691.0,541073,539543,192932,6,B,722071,20230320093058
600519,20230320093101290,1746.91,100,174691.0,541074,539543,192933,6,B,722072,20230320093058
600519,20230320093101340,1742.0,800,1393600.0,519265,541229,193027,6,S,722302,20230320093058
600519,20230320093101340,1746.92,100,174692.0,541246,534216,193043,6,B,722324,20230320093058
600519,20230320093101420,1742.0,500,871000.0,519265,541465,193204,6,S,722674,20230320093058
600519,20230320093101440,1746.92,100,174692.0,541550,534256,193266,6,B,722791,20230320093058
600519,20230320093101890,1746.91,100,174691.0,542907,541736,194157,6,B,724945,20230320093101
600519,20230320093101890,1746.92,100,174692.0,542908,534948,194158,6,B,724946,20230320093101
600519,20230320093102690,1742.0,700,1219400.0,519265,545109,195677,6,S,728499,20230320093101
600519,20230320093102800,1742.01,100,174201.0,545125,545355,195941,6,S,728977,20230320093101
600519,20230320093103480,1742.0,100,174200.0,519265,547407,197380,6,S,732116,20230320093101
600519,20230320093103480,1742.0,100,174200.0,526497,547407,197381,6,S,732117,20230320093101
600519,20230320093103480,1742.0,100,174200.0,528139,547407,197382,6,S,732118,20230320093101
600519,20230320093103480,1742.0,100,174200.0,545687,547407,197383,6,S,732119,20230320093101
600519,20230320093103490,1741.99,100,174199.0,543446,547462,197405,6,S,732188,20230320093101
600519,20230320093103490,1741.53,100,174153.0,519096,547462,197406,6,S,732189,20230320093101
600519,20230320093103530,1741.53,200,348306.0,519096,547545,197463,6,S,732311,20230320093101
600519,20230320093103530,1741.53,100,174153.0,520075,547545,197464,6,S,732312,20230320093101
600519,20230320093103530,1741.53,100,174153.0,525034,547545,197465,6,S,732313,20230320093101
600519,20230320093103530,1741.53,100,174153.0,525343,547545,197466,6,S,732314,20230320093101
600519,20230320093104050,1746.6,100,174660.0,548988,548412,198440,6,B,734560,20230320093101
600519,20230320093104050,1746.6,100,174660.0,548988,548492,198441,6,B,734561,20230320093101
600519,20230320093104050,1746.87,100,174687.0,548988,548501,198442,6,B,734562,20230320093101
600519,20230320093104050,1746.9,100,174690.0,548988,543127,198443,6,B,734563,20230320093101
600519,20230320093104050,1746.92,100,174692.0,548988,534948,198444,6,B,734564,20230320093101
600519,20230320093104050,1746.92,100,174692.0,548988,535255,198445,6,B,734565,20230320093101
600519,20230320093104050,1746.92,100,174692.0,548988,535256,198446,6,B,734566,20230320093101
600519,20230320093104050,1746.92,100,174692.0,548988,539047,198447,6,B,734567,20230320093101
600519,20230320093104050,1746.92,100,174692.0,548988,539055,198448,6,B,734568,20230320093101
600519,20230320093104050,1746.93,100,174693.0,548988,540419,198449,6,B,734569,20230320093101
600519,20230320093104050,1747.0,100,174700.0,548988,532275,198450,6,B,734570,20230320093101
600519,20230320093104050,1747.0,100,174700.0,548988,534159,198451,6,B,734571,20230320093101
600519,20230320093104050,1747.0,100,174700.0,548988,534166,198452,6,B,734572,20230320093101
600519,20230320093104170,1747.0,100,174700.0,548988,549273,198583,6,S,735045,20230320093101
600519,20230320093104200,1747.0,100,174700.0,548988,549326,198596,6,S,735129,20230320093101
600519,20230320093104210,1747.0,100,174700.0,548988,549380,198626,6,S,735205,20230320093101
600519,20230320093104280,1747.0,1600,2795200.0,548988,549520,198719,6,S,735415,20230320093101
600519,20230320093104280,1746.97,100,174697.0,549158,549561,198737,6,S,735470,20230320093101
600519,20230320093104940,1742.01,100,174201.0,551226,551690,200024,6,S,738619,20230320093104
600519,20230320093104940,1742.0,100,174200.0,550458,551690,200025,6,S,738620,20230320093104
600519,20230320093104940,1741.55,100,174155.0,550753,551690,200026,6,S,738621,20230320093104
600519,20230320093104940,1741.53,100,174153.0,533689,551690,200027,6,S,738622,20230320093104
600519,20230320093104940,1741.02,100,174102.0,519737,551690,200028,6,S,738623,20230320093104
600519,20230320093104940,1741.01,200,348202.0,531848,551690,200029,6,S,738624,20230320093104
600519,20230320093104940,1741.01,100,174101.0,534424,551690,200030,6,S,738625,20230320093104
600519,20230320093104940,1741.0,700,1218700.0,134124,551690,200031,6,S,738626,20230320093104
600519,20230320093106260,1742.01,100,174201.0,551928,555053,202181,6,S,744059,20230320093104
600519,20230320093106880,1746.0,100,174600.0,556739,554401,203217,6,B,746713,20230320093104
600519,20230320093106880,1746.12,100,174612.0,556740,551037,203218,6,B,746714,20230320093104
600519,20230320093108170,1742.23,300,522669.0,557157,560606,205819,6,S,752824,20230320093107
600519,20230320093108170,1742.02,200,348404.0,557846,560606,205820,6,S,752825,20230320093107
600519,20230320093108170,1742.01,100,174201.0,554923,560606,205821,6,S,752826,20230320093107
600519,20230320093108170,1741.02,100,174102.0,557316,560606,205822,6,S,752827,20230320093107
600519,20230320093108330,1741.02,100,174102.0,561080,560606,206162,6,B,753610,20230320093107
600519,20230320093108330,1741.02,200,348204.0,561097,560606,206168,6,B,753634,20230320093107
600519,20230320093108420,1741.02,200,348204.0,561316,560606,206298,6,B,753955,20230320093107
600519,20230320093108530,1741.02,200,348204.0,561657,560606,206496,6,B,754440,20230320093107
600519,20230320093108870,1741.03,100,174103.0,562406,562670,207125,6,S,755978,20230320093107
600519,20230320093108870,1741.02,100,174102.0,561743,562670,207126,6,S,755979,20230320093107
600519,20230320093108870,1741.02,200,348204.0,561946,562670,207127,6,S,755980,20230320093107
600519,20230320093109050,1741.53,100,174153.0,563146,562701,207419,6,B,756712,20230320093107
600519,20230320093109130,1741.53,100,174153.0,563317,562701,207529,6,B,756972,20230320093107
600519,20230320093109270,1741.04,100,174104.0,562926,563763,207840,6,S,757658,20230320093107
600519,20230320093109340,1743.53,100,174353.0,564067,559940,208010,6,B,758093,20230320093107
600519,20230320093110030,1741.0,900,1566900.0,134124,566049,209388,6,S,761207,20230320093107
600519,20230320093110030,1741.0,200,348200.0,154237,566049,209389,6,S,761208,20230320093107
600519,20230320093110030,1741.0,100,174100.0,205505,566049,209390,6,S,761209,20230320093107
600519,20230320093110030,1741.0,100,174100.0,234365,566049,209391,6,S,761210,20230320093107
600519,20230320093110030,1741.0,800,1392800.0,475261,566050,209392,6,S,761211,20230320093107
600519,20230320093110030,1741.0,100,174100.0,515131,566050,209393,6,S,761212,20230320093107
600519,20230320093110030,1741.0,100,174100.0,527608,566050,209394,6,S,761213,20230320093107
600519,20230320093110030,1741.0,100,174100.0,529505,566050,209395,6,S,761214,20230320093107
600519,20230320093110030,1741.0,100,174100.0,544413,566050,209396,6,S,761215,20230320093107
600519,20230320093110030,1741.0,100,174100.0,556801,566050,209397,6,S,761216,20230320093107
600519,20230320093110370,1741.0,100,174100.0,567057,566949,210009,6,B,762742,20230320093107
600519,20230320093110480,1741.0,100,174100.0,567349,566949,210216,6,B,763227,20230320093107
600519,20230320093110520,1741.01,800,1392808.0,567422,564753,210242,6,B,763330,20230320093107
600519,20230320093110520,1741.02,300,522306.0,567422,564283,210243,6,B,763331,20230320093107
600519,20230320093110520,1741.02,200,348204.0,567422,564558,210244,6,B,763332,20230320093107
600519,20230320093110520,1746.1,100,174610.0,567422,564796,210245,6,B,763333,20230320093107
600519,20230320093110520,1746.1,100,174610.0,567422,564869,210246,6,B,763334,20230320093107
600519,20230320093110520,1746.11,100,174611.0,567422,559942,210247,6,B,763335,20230320093107
600519,20230320093110520,1746.11,100,174611.0,567422,559979,210248,6,B,763336,20230320093107
600519,20230320093110520,1746.12,100,174612.0,567422,557255,210249,6,B,763337,20230320093107
600519,20230320093110520,1746.12,100,174612.0,567422,558123,210250,6,B,763338,20230320093107
600519,20230320093110520,1746.12,100,174612.0,567422,558130,210251,6,B,763339,20230320093107
600519,20230320093110520,1746.42,100,174642.0,567422,549605,210252,6,B,763340,20230320093107
600519,20230320093110520,1746.65,100,174665.0,567422,567058,210253,6,B,763341,20230320093107
600519,20230320093110520,1746.8,100,174680.0,567422,550472,210254,6,B,763342,20230320093107
600519,20230320093110520,1746.9,100,174690.0,567422,549828,210255,6,B,763343,20230320093107
600519,20230320093110520,1746.91,100,174691.0,567422,551557,210256,6,B,763344,20230320093107
600519,20230320093110690,1746.17,100,174617.0,567656,567914,210615,6,S,764133,20230320093107
600519,20230320093110690,1746.13,100,174613.0,567466,567923,210622,6,S,764147,20230320093107
600519,20230320093110720,1746.13,300,523839.0,567466,567963,210651,6,S,764216,20230320093107
600519,20230320093110770,1746.13,100,174613.0,567466,568106,210769,6,S,764449,20230320093107
600519,20230320093110810,1746.13,300,523839.0,567466,568214,210821,6,S,764585,20230320093107
600519,20230320093110810,1746.13,300,523839.0,567466,568273,210865,6,S,764680,20230320093107
600519,20230320093110890,1746.13,200,349226.0,567466,568476,211033,6,S,765013,20230320093110
600519,20230320093110950,1746.13,100,174613.0,567466,568593,211090,6,S,765163,20230320093110
600519,20230320093110950,1746.13,100,174613.0,567466,568594,211091,6,S,765164,20230320093110
600519,20230320093110950,1746.13,200,349226.0,567466,568595,211092,6,S,765166,20230320093110
600519,20230320093110950,1746.13,100,174613.0,567466,568596,211093,6,S,765167,20230320093110
600519,20230320093110950,1746.13,200,349226.0,567466,568597,211094,6,S,765168,20230320093110
600519,20230320093110950,1746.13,100,174613.0,567466,568598,211095,6,S,765169,20230320093110
600519,20230320093110950,1746.13,100,174613.0,567466,568603,211097,6,S,765175,20230320093110
600519,20230320093110950,1746.13,100,174613.0,567466,568604,211098,6,S,765176,20230320093110
600519,20230320093110950,1746.13,100,174613.0,567466,568606,211099,6,S,765178,20230320093110
600519,20230320093110950,1746.13,100,174613.0,567466,568607,211100,6,S,765179,20230320093110
600519,20230320093110950,1746.13,100,174613.0,567466,568609,211101,6,S,765181,20230320093110
600519,20230320093110950,1746.13,100,174613.0,567466,568612,211104,6,S,765184,20230320093110
600519,20230320093110970,1746.13,400,698452.0,567466,568660,211141,6,S,765264,20230320093110
600519,20230320093110990,1746.17,100,174617.0,568699,567965,211155,6,B,765323,20230320093110
600519,20230320093111010,1746.13,200,349226.0,567466,568753,211213,6,S,765429,20230320093110
600519,20230320093111290,1746.13,500,873065.0,567466,568797,211262,6,S,765512,20230320093110
600519,20230320093111650,1745.26,100,174526.0,570487,569153,212335,6,B,768140,20230320093110
600519,20230320093111800,1745.26,100,174526.0,570904,569973,212751,6,B,768925,20230320093110
600519,20230320093111890,1742.27,100,174227.0,568729,571166,213016,6,S,769426,20230320093110
600519,20230320093111910,1742.27,100,174227.0,568729,571210,213055,6,S,769493,20230320093110
600519,20230320093111910,1742.23,100,174223.0,569867,571210,213056,6,S,769494,20230320093110
600519,20230320093112000,1745.76,100,174576.0,571450,570148,213180,6,B,769818,20230320093110
600519,20230320093112000,1746.08,100,174608.0,571450,570014,213181,6,B,769819,20230320093110
600519,20230320093112000,1746.12,100,174612.0,571450,570051,213182,6,B,769820,20230320093110
600519,20230320093112120,1745.75,100,174575.0,571867,571552,213415,6,B,770413,20230320093110
600519,20230320093112810,1741.01,100,174101.0,573852,573591,214507,6,B,773383,20230320093110
600519,20230320093113930,1742.0,100,174200.0,574957,576841,216470,6,S,778193,20230320093113
600519,20230320093114030,1746.08,100,174608.0,577132,576847,216662,6,B,778635,20230320093113
600519,20230320093114960,1743.0,100,174300.0,577402,579838,218649,6,S,782989,20230320093113
600519,20230320093115760,1742.0,100,174200.0,576967,582010,220144,6,S,786401,20230320093113
600519,20230320093115760,1742.0,100,174200.0,580681,582010,220145,6,S,786402,20230320093113
600519,20230320093116140,1742.01,100,174201.0,582369,583048,220800,6,S,787974,20230320093113
600519,20230320093116240,1742.0,200,348400.0,583095,583346,220994,6,S,788430,20230320093113
600519,20230320093116940,1746.0,100,174600.0,585104,583549,222187,6,B,791086,20230320093116
600519,20230320093116940,1746.0,100,174600.0,585105,584196,222188,6,B,791087,20230320093116
600519,20230320093117090,1746.0,100,174600.0,585410,584621,222389,6,B,791537,20230320093116
600519,20230320093118690,1746.0,100,174600.0,589484,584966,225245,6,B,797913,20230320093116
600519,20230320093119880,1745.99,100,174599.0,592405,592128,227397,6,B,802607,20230320093119
600519,20230320093120410,1742.08,100,174208.0,591635,593789,228299,6,S,804683,20230320093119
600519,20230320093121950,1745.98,200,349196.0,597529,594417,230785,6,B,810515,20230320093119
600519,20230320093121950,1745.99,100,174599.0,597530,592128,230786,6,B,810516,20230320093119
600519,20230320093121950,1746.0,100,174600.0,597530,590977,230787,6,B,810517,20230320093119
600519,20230320093122260,1743.09,100,174309.0,595160,598279,231318,6,S,811698,20230320093119
600519,20230320093122310,1743.09,400,697236.0,595160,598462,231475,6,S,811976,20230320093119
600519,20230320093122310,1742.09,100,174209.0,593875,598462,231476,6,S,811977,20230320093119
600519,20230320093122920,1745.98,100,174598.0,599990,598289,232612,6,B,814416,20230320093122
600519,20230320093123480,1742.1,100,174210.0,600000,601349,233502,6,S,816447,20230320093122
600519,20230320093123480,1742.09,100,174209.0,599025,601349,233503,6,S,816448,20230320093122
600519,20230320093126530,1743.0,100,174300.0,608271,608525,238249,6,S,827659,20230320093125
600519,20230320093126820,1742.15,100,174215.0,605815,609120,238613,6,S,828626,20230320093125
600519,20230320093126880,1745.0,100,174500.0,609252,602596,238694,6,B,828841,20230320093125
600519,20230320093126880,1745.0,400,698000.0,609253,602596,238695,6,B,828842,20230320093125
600519,20230320093127190,1745.0,300,523500.0,610005,608879,239250,6,B,830046,20230320093125
600519,20230320093127190,1745.23,300,523569.0,610005,609073,239251,6,B,830047,20230320093125
600519,20230320093127190,1745.98,100,174598.0,610005,598289,239252,6,B,830048,20230320093125
600519,20230320093127190,1745.98,100,174598.0,610005,601756,239253,6,B,830049,20230320093125
600519,20230320093127190,1745.98,100,174598.0,610005,606985,239254,6,B,830050,20230320093125
600519,20230320093127190,1745.99,100,174599.0,610005,597868,239255,6,B,830051,20230320093125
600519,20230320093127190,1745.99,100,174599.0,610005,604702,239256,6,B,830052,20230320093125
600519,20230320093127190,1746.0,400,698400.0,610005,590977,239257,6,B,830053,20230320093125
600519,20230320093127190,1746.0,100,174600.0,610005,598226,239258,6,B,830054,20230320093125
600519,20230320093127190,1746.0,100,174600.0,610005,608793,239259,6,B,830055,20230320093125
600519,20230320093127190,1746.0,100,174600.0,610005,608807,239260,6,B,830056,20230320093125
600519,20230320093127190,1746.07,100,174607.0,610005,583701,239261,6,B,830057,20230320093125
600519,20230320093127190,1746.07,100,174607.0,610005,583773,239262,6,B,830058,20230320093125
600519,20230320093129800,1745.31,100,174531.0,616566,614936,243516,6,B,839960,20230320093128
600519,20230320093130140,1745.31,100,174531.0,617516,614936,244056,6,B,841325,20230320093128
600519,20230320093131430,1745.0,100,174500.0,620678,620186,246041,6,B,846129,20230320093128
600519,20230320093131610,1746.0,100,174600.0,621181,617599,246624,6,B,847145,20230320093128
600519,20230320093132080,1746.08,100,174608.0,622314,582050,247347,6,B,848872,20230320093131
600519,20230320093132350,1745.99,100,174599.0,622274,622850,247677,6,S,849681,20230320093131
600519,20230320093132450,1746.01,200,349202.0,623082,622923,247787,6,B,849977,20230320093131
600519,20230320093132750,1745.98,100,174598.0,622275,623730,248166,6,S,850941,20230320093131
600519,20230320093133040,1743.05,100,174305.0,620436,624474,248569,6,S,852008,20230320093131
600519,20230320093133040,1743.05,100,174305.0,622072,624474,248570,6,S,852009,20230320093131
600519,20230320093133050,1746.08,100,174608.0,624523,582050,248590,6,B,852077,20230320093131
600519,20230320093133750,1746.07,200,349214.0,626169,624879,249722,6,B,854635,20230320093131
600519,20230320093133750,1746.08,100,174608.0,626169,583702,249723,6,B,854636,20230320093131
600519,20230320093133750,1746.08,100,174608.0,626169,613251,249724,6,B,854637,20230320093131
600519,20230320093134530,1746.09,100,174609.0,626169,628181,250873,6,S,857567,20230320093131
600519,20230320093134570,1746.12,100,174612.0,628251,574050,250919,6,B,857678,20230320093131
600519,20230320093134930,1746.09,100,174609.0,626169,629078,251436,6,S,858887,20230320093134
600519,20230320093134960,1746.13,100,174613.0,629132,573774,251459,6,B,858962,20230320093134
600519,20230320093135000,1746.13,300,523839.0,629195,575907,251488,6,B,859055,20230320093134
600519,20230320093135000,1746.13,100,174613.0,629196,575907,251489,6,B,859056,20230320093134
600519,20230320093135000,1746.13,200,349226.0,629196,579194,251490,6,B,859057,20230320093134
600519,20230320093135020,1746.13,100,174613.0,629220,579337,251504,6,B,859095,20230320093134
600519,20230320093135020,1746.13,100,174613.0,629220,583342,251505,6,B,859096,20230320093134
600519,20230320093135020,1746.13,200,349226.0,629220,588914,251506,6,B,859097,20230320093134
600519,20230320093135070,1746.13,100,174613.0,629395,624498,251626,6,B,859363,20230320093134
600519,20230320093135090,1746.13,100,174613.0,629395,629426,251640,6,S,859403,20230320093134
600519,20230320093135100,1746.13,100,174613.0,629395,629448,251652,6,S,859429,20230320093134
600519,20230320093135300,1746.9,100,174690.0,629997,585027,251993,6,B,860195,20230320093134
600519,20230320093135610,1746.91,100,174691.0,630715,551557,252416,6,B,861348,20230320093134
600519,20230320093135610,1746.91,100,174691.0,630715,553261,252417,6,B,861349,20230320093134
600519,20230320093135680,1746.13,100,174613.0,629395,630872,252517,6,S,861581,20230320093134
600519,20230320093135680,1746.09,400,698436.0,626169,630872,252518,6,S,861582,20230320093134
600519,20230320093135710,1747.0,200,349400.0,630927,549520,252547,6,B,861656,20230320093134
600519,20230320093135780,1747.0,100,174700.0,631064,549520,252624,6,B,861862,20230320093134
600519,20230320093135780,1747.0,100,174700.0,631064,555083,252625,6,B,861863,20230320093134
600519,20230320093136030,1747.0,200,349400.0,631324,631594,252914,6,S,862627,20230320093134
600519,20230320093136050,1747.35,100,174735.0,631635,514691,252937,6,B,862696,20230320093134
600519,20230320093136080,1748.0,100,174800.0,631672,552726,252957,6,B,862757,20230320093134
600519,20230320093136370,1747.35,100,174735.0,631635,632451,253459,6,S,863939,20230320093134
600519,20230320093136550,1747.35,100,174735.0,631893,632832,253753,6,S,864570,20230320093134
600519,20230320093136550,1747.0,100,174700.0,631324,632832,253754,6,S,864571,20230320093134
600519,20230320093136550,1746.13,1200,2095356.0,632485,632832,253755,6,S,864572,20230320093134
600519,20230320093136550,1746.09,1700,2968353.0,626169,632832,253756,6,S,864573,20230320093134
600519,20230320093136550,1746.09,100,174609.0,629215,632832,253757,6,S,864574,20230320093134
600519,20230320093136550,1746.09,100,174609.0,629663,632832,253758,6,S,864575,20230320093134
600519,20230320093136550,1743.06,100,174306.0,624509,632832,253759,6,S,864576,20230320093134
600519,20230320093136550,1743.06,100,174306.0,624894,632832,253760,6,S,864577,20230320093134
600519,20230320093136550,1743.05,100,174305.0,626454,632832,253761,6,S,864578,20230320093134
600519,20230320093136710,1743.05,100,174305.0,633210,632832,253949,6,B,865127,20230320093134
600519,20230320093136710,1743.05,500,871525.0,633232,632832,253967,6,B,865168,20230320093134
600519,20230320093136710,1743.05,500,871525.0,633233,632832,253968,6,B,865169,20230320093134
600519,20230320093136710,1743.05,100,174305.0,633237,632832,253970,6,B,865173,20230320093134
600519,20230320093136730,1743.05,100,174305.0,633255,632832,253986,6,B,865199,20230320093134
600519,20230320093136730,1743.05,200,348610.0,633256,632832,253987,6,B,865200,20230320093134
600519,20230320093136730,1743.05,100,174305.0,633257,632832,253988,6,B,865201,20230320093134
600519,20230320093136730,1743.05,300,522915.0,633258,632832,253989,6,B,865202,20230320093134
600519,20230320093136740,1743.05,5600,9761080.0,633306,632832,254014,6,B,865274,20230320093134
600519,20230320093136970,1746.08,100,174608.0,633809,633749,254300,6,B,866015,20230320093134
600519,20230320093137050,1743.93,100,174393.0,633781,633976,254402,6,S,866252,20230320093134
600519,20230320093137310,1746.13,200,349226.0,634599,634238,254798,6,B,867208,20230320093134
600519,20230320093138420,1746.18,100,174618.0,634788,637234,256475,6,S,871263,20230320093137
600519,20230320093138700,1746.18,100,174618.0,634788,637806,256850,6,S,872154,20230320093137
600519,20230320093139070,1746.18,100,174618.0,636156,638604,257299,6,S,873306,20230320093137
600519,20230320093139660,1746.18,100,174618.0,636217,640095,258208,6,S,875538,20230320093137
600519,20230320093141080,1748.49,100,174849.0,643587,634303,260501,6,B,880771,20230320093140
600519,20230320093141080,1748.49,100,174849.0,643588,634303,260502,6,B,880772,20230320093140
600519,20230320093141420,1746.18,100,174618.0,636534,644449,261136,6,S,882148,20230320093140
600519,20230320093141890,1746.18,100,174618.0,641521,645448,261861,6,S,883759,20230320093140
600519,20230320093141890,1746.18,100,174618.0,643291,645448,261862,6,S,883760,20230320093140
600519,20230320093141890,1746.13,100,174613.0,638323,645448,261863,6,S,883761,20230320093140
600519,20230320093141890,1746.09,700,1222263.0,634560,645448,261864,6,S,883762,20230320093140
600519,20230320093142460,1748.49,100,174849.0,646782,634303,262743,6,B,885819,20230320093140
600519,20230320093142460,1748.49,200,349698.0,646783,634303,262744,6,B,885820,20230320093140
600519,20230320093142460,1748.49,100,174849.0,646783,639383,262745,6,B,885821,20230320093140
600519,20230320093142460,1746.09,100,174609.0,634560,646787,262746,6,S,885825,20230320093140
600519,20230320093143950,1746.09,100,174609.0,634560,650180,264891,6,S,891130,20230320093143
600519,20230320093143980,1746.18,100,174618.0,650274,650225,264942,6,B,891262,20230320093143
600519,20230320093143980,1747.0,100,174700.0,650274,648778,264943,6,B,891263,20230320093143
600519,20230320093144780,1747.0,100,174700.0,650274,652070,266172,6,S,894059,20230320093143
600519,20230320093144980,1747.0,100,174700.0,650274,652451,266425,6,S,894638,20230320093143
600519,20230320093145230,1747.0,100,174700.0,650274,653079,266835,6,S,895613,20230320093143
600519,20230320093145690,1746.09,100,174609.0,634560,654196,267469,6,S,897263,20230320093143
600519,20230320093147020,1746.18,100,174618.0,657401,654117,269833,6,B,902427,20230320093146
600519,20230320093147020,1746.18,100,174618.0,657402,655877,269834,6,B,902428,20230320093146
600519,20230320093147020,1746.18,100,174618.0,657402,655883,269835,6,B,902429,20230320093146
600519,20230320093147020,1746.18,100,174618.0,657402,655884,269836,6,B,902430,20230320093146
600519,20230320093147020,1748.47,100,174847.0,657402,647389,269837,6,B,902431,20230320093146
600519,20230320093147020,1748.47,200,349694.0,657402,655886,269838,6,B,902432,20230320093146
600519,20230320093147020,1748.47,100,174847.0,657402,655942,269839,6,B,902433,20230320093146
600519,20230320093147520,1746.09,100,174609.0,634560,658589,270567,6,S,904235,20230320093146
600519,20230320093147990,1746.09,600,1047654.0,634560,659515,271119,6,S,905646,20230320093146
600519,20230320093148410,1746.09,100,174609.0,634560,660523,271787,6,S,907249,20230320093146
600519,20230320093148410,1746.09,100,174609.0,634560,660525,271788,6,S,907252,20230320093146
600519,20230320093148440,1748.47,100,174847.0,660594,660445,271822,6,B,907347,20230320093146
600519,20230320093148520,1746.09,100,174609.0,634560,660756,271926,6,S,907607,20230320093146
600519,20230320093148960,1746.18,200,349236.0,661873,661565,272756,6,B,909455,20230320093146
600519,20230320093149430,1746.18,100,174618.0,662970,661565,273408,6,B,910997,20230320093146
600519,20230320093149560,1746.09,200,349218.0,634560,663337,273711,6,S,911621,20230320093146
600519,20230320093149970,1746.18,100,174618.0,664291,662904,274302,6,B,913043,20230320093149
600519,20230320093149970,1746.18,100,174618.0,664291,662908,274303,6,B,913044,20230320093149
600519,20230320093149970,1746.18,100,174618.0,664291,662959,274304,6,B,913045,20230320093149
600519,20230320093150150,1746.18,200,349236.0,664291,664639,274542,6,S,913572,20230320093149
600519,20230320093150420,1746.09,100,174609.0,634560,665340,274985,6,S,914610,20230320093149
600519,20230320093150440,1746.09,200,349218.0,634560,665344,274988,6,S,914615,20230320093149
600519,20230320093150440,1746.09,200,349218.0,634560,665345,274989,6,S,914617,20230320093149
600519,20230320093150900,1746.09,100,174609.0,634560,666299,275600,6,S,916108,20230320093149
600519,20230320093151300,1746.09,300,523827.0,634560,667255,276247,6,S,917592,20230320093149
600519,20230320093151300,1746.09,100,174609.0,650275,667255,276248,6,S,917593,20230320093149
600519,20230320093151300,1746.09,100,174609.0,655761,667255,276249,6,S,917594,20230320093149
600519,20230320093151300,1746.09,100,174609.0,657332,667255,276250,6,S,917595,20230320093149
600519,20230320093151300,1746.09,200,349218.0,663037,667255,276251,6,S,917596,20230320093149
600519,20230320093151320,1746.0,200,349200.0,657910,667310,276297,6,S,917684,20230320093149
600519,20230320093151320,1746.0,300,523800.0,663041,667310,276298,6,S,917685,20230320093149
600519,20230320093151430,1744.68,100,174468.0,667562,667404,276425,6,B,918050,20230320093149
600519,20230320093151630,1744.68,100,174468.0,667925,667404,276688,6,B,918657,20230320093149
600519,20230320093152020,1746.0,100,174600.0,668784,667801,277221,6,B,919991,20230320093149
600519,20230320093152020,1746.09,100,174609.0,668784,667255,277222,6,B,919992,20230320093149
600519,20230320093152020,1746.09,200,349218.0,668785,667255,277223,6,B,919993,20230320093149
600519,20230320093152260,1746.09,500,873045.0,669484,667255,277691,6,B,921043,20230320093149
600519,20230320093152290,1744.0,100,174400.0,660781,669507,277698,6,S,921069,20230320093149
600519,20230320093152750,1746.09,100,174609.0,670548,667255,278363,6,B,922684,20230320093149
600519,20230320093152870,1746.09,100,174609.0,670856,667255,278564,6,B,923157,20230320093152
600519,20230320093155300,1746.09,100,174609.0,676200,667255,282036,6,B,931322,20230320093152
600519,20230320093157080,1746.09,200,349218.0,679998,667255,284657,6,B,937176,20230320093155
600519,20230320093157080,1746.09,100,174609.0,679999,667255,284658,6,B,937177,20230320093155
600519,20230320093157080,1746.09,100,174609.0,679999,667860,284659,6,B,937178,20230320093155
600519,20230320093157300,1745.54,100,174554.0,677615,680542,284988,6,S,937993,20230320093155
600519,20230320093157660,1745.54,300,523662.0,677615,681480,285670,6,S,939394,20230320093155
