TradingTime,TradeVolume,TradeValue,SecurityID,OrderNo,OfferNo,TradeNo,ChannelCode,SBMark,SerialNo,SendingTime,TradePrice
2023-03-20 09:25:00,30285,53029035.0,600519.0,199870.0,210921.0,14897.0,6.0,N,107598.0,20230320092501.0,1751.0
2023-03-20 09:30:00,3100,5432671.0,600519.0,220963.0,227778.0,33414.0,6.0,S,265726.0,20230320092931.0,1752.4745161290323
2023-03-20 09:30:01,2700,4730926.0,600519.0,199870.0,238197.0,37542.0,6.0,S,278558.0,20230320093001.0,1752.194814814815
2023-03-20 09:30:02,2600,4553665.0,600519.0,199870.0,251519.0,42267.0,6.0,S,294771.0,20230320093001.0,1751.4096153846153
2023-03-20 09:30:03,1600,2801680.0,600519.0,220180.0,262701.0,46305.0,6.0,S,308322.0,20230320093004.0,1751.05
2023-03-20 09:30:04,1400,2451713.0,600519.0,226146.0,274177.0,50430.0,6.0,S,322315.0,20230320093004.0,1751.2235714285714
2023-03-20 09:30:05,1715,3003895.94,600519.0,288565.0,287071.0,56320.0,6.0,B,340517.0,20230320093007.0,1751.5428221574343
2023-03-20 09:30:06,5727,10027308.19,600519.0,299968.0,300104.0,60786.0,6.0,S,354646.0,20230320093007.0,1750.8832180897502
2023-03-20 09:30:07,800,1400144.0,600519.0,193289.0,312318.0,65474.0,6.0,S,369887.0,20230320093010.0,1750.18
2023-03-20 09:30:08,3500,6126230.0,600519.0,325796.0,325595.0,70610.0,6.0,B,386581.0,20230320093013.0,1750.3514285714286
2023-03-20 09:30:09,1573,2752899.73,600519.0,338303.0,335672.0,75081.0,6.0,B,402046.0,20230320093013.0,1750.095187539733
2023-03-20 09:30:10,5400,9446621.27,600519.0,349454.0,342534.0,79666.0,6.0,B,416543.0,20230320093016.0,1749.3743092592592
2023-03-20 09:30:11,1900,3324692.0,600519.0,359562.0,358885.0,84274.0,6.0,B,430520.0,20230320093016.0,1749.8378947368421
2023-03-20 09:30:12,700,1224350.0,600519.0,369404.0,360574.0,88696.0,6.0,B,444120.0,20230320093016.0,1749.0714285714287
2023-03-20 09:30:13,500,874176.0,600519.0,383184.0,373676.0,94834.0,6.0,B,463703.0,20230320093019.0,1748.352
2023-03-20 09:30:14,2500,4371799.84,600519.0,390882.0,391102.0,98523.0,6.0,S,475519.0,20230320093019.0,1748.719936
2023-03-20 09:30:15,1600,2791400.0,600519.0,116142.0,398848.0,102353.0,6.0,S,487538.0,20230320093022.0,1744.625
2023-03-20 09:30:16,1800,3143329.0,600519.0,404783.0,404782.0,105223.0,6.0,B,497195.0,20230320093022.0,1746.293888888889
2023-03-20 09:30:17,1200,2092898.0,600519.0,408400.0,408749.0,107129.0,6.0,S,504060.0,20230320093022.0,1744.0816666666667
2023-03-20 09:30:18,400,697701.0,600519.0,412505.0,404333.0,109373.0,6.0,B,510995.0,20230320093025.0,1744.2525
2023-03-20 09:30:19,300,523401.0,600519.0,414104.0,417167.0,111995.0,6.0,S,518803.0,20230320093025.0,1744.67
2023-03-20 09:30:20,800,1395209.0,600519.0,417886.0,419971.0,113647.0,6.0,S,523508.0,20230320093025.0,1744.01125
2023-03-20 09:30:21,200,348911.0,600519.0,416009.0,421842.0,114744.0,6.0,S,526628.0,20230320093025.0,1744.555
2023-03-20 09:30:22,400,698098.0,600519.0,425911.0,425681.0,117332.0,6.0,B,533661.0,20230320093028.0,1745.245
2023-03-20 09:30:23,2200,3837892.0,600519.0,32326.0,430357.0,120388.0,6.0,S,541594.0,20230320093028.0,1744.4963636363636
2023-03-20 09:30:24,100,174210.0,600519.0,274146.0,433383.0,122332.0,6.0,S,546653.0,20230320093028.0,1742.1
2023-03-20 09:30:25,400,696830.0,600519.0,438050.0,437838.0,125166.0,6.0,B,554215.0,20230320093028.0,1742.075
2023-03-20 09:30:26,700,1219447.0,600519.0,439215.0,439052.0,125952.0,6.0,B,556342.0,20230320093031.0,1742.067142857143
2023-03-20 09:30:28,1100,1916216.0,600519.0,35003.0,447814.0,131056.0,6.0,S,570092.0,20230320093031.0,1742.0145454545454
2023-03-20 09:30:29,3200,5574400.0,600519.0,134123.0,449867.0,132480.0,6.0,S,573492.0,20230320093031.0,1742.0
2023-03-20 09:30:30,100,174201.0,600519.0,451063.0,447815.0,133095.0,6.0,B,575327.0,20230320093031.0,1742.01
2023-03-20 09:30:31,2400,4180803.0,600519.0,134123.0,457545.0,137169.0,6.0,S,585836.0,20230320093034.0,1742.00125
2023-03-20 09:30:32,1400,2438803.0,600519.0,460273.0,448360.0,138918.0,6.0,B,590345.0,20230320093034.0,1742.0021428571429
2023-03-20 09:30:33,1300,2264601.0,600519.0,159580.0,463580.0,141111.0,6.0,S,596165.0,20230320093034.0,1742.0007692307693
2023-03-20 09:30:34,1200,2090402.0,600519.0,466479.0,466417.0,142928.0,6.0,B,601121.0,20230320093034.0,1742.0016666666668
2023-03-20 09:30:35,600,1045160.0,600519.0,28596.0,469094.0,144583.0,6.0,S,605564.0,20230320093037.0,1741.9333333333334
2023-03-20 09:30:36,3100,5399577.0,600519.0,471221.0,471187.0,145977.0,6.0,B,609119.0,20230320093037.0,1741.7990322580645
2023-03-20 09:30:37,2500,4354681.0,600519.0,475087.0,471364.0,148622.0,6.0,B,615613.0,20230320093037.0,1741.8724
2023-03-20 09:30:38,800,1393619.0,600519.0,477697.0,464302.0,150237.0,6.0,B,619801.0,20230320093037.0,1742.02375
2023-03-20 09:30:39,200,348404.0,600519.0,475087.0,478010.0,150409.0,6.0,S,620304.0,20230320093037.0,1742.02
2023-03-20 09:30:40,2400,4182332.0,600519.0,483615.0,483644.0,154893.0,6.0,S,630191.0,20230320093040.0,1742.6383333333333
2023-03-20 09:30:41,400,696840.0,600519.0,483626.0,486441.0,156708.0,6.0,S,634644.0,20230320093040.0,1742.1
2023-03-20 09:30:42,400,697537.0,600519.0,489948.0,441143.0,158901.0,6.0,B,640135.0,20230320093040.0,1743.8425
2023-03-20 09:30:43,2000,3484396.0,600519.0,481724.0,492573.0,160783.0,6.0,S,644527.0,20230320093040.0,1742.198
2023-03-20 09:30:44,2000,3484554.0,600519.0,476935.0,495910.0,162930.0,6.0,S,649896.0,20230320093043.0,1742.277
2023-03-20 09:30:45,400,696802.0,600519.0,481950.0,498731.0,164467.0,6.0,S,654178.0,20230320093043.0,1742.005
2023-03-20 09:30:46,2800,4877615.0,600519.0,501937.0,502477.0,167286.0,6.0,S,660505.0,20230320093046.0,1742.005357142857
2023-03-20 09:30:47,700,1219409.0,600519.0,502269.0,503631.0,168037.0,6.0,S,662296.0,20230320093046.0,1742.0128571428572
2023-03-20 09:30:48,300,522615.0,600519.0,507764.0,507797.0,170798.0,6.0,S,668828.0,20230320093046.0,1742.05
2023-03-20 09:30:49,1300,2264647.0,600519.0,481950.0,510901.0,172809.0,6.0,S,673817.0,20230320093049.0,1742.0361538461539
2023-03-20 09:30:50,1100,1915606.0,600519.0,134124.0,513352.0,174426.0,6.0,S,677779.0,20230320093049.0,1741.46
2023-03-20 09:30:51,1100,1915514.0,600519.0,134124.0,516216.0,176328.0,6.0,S,682379.0,20230320093049.0,1741.3763636363637
2023-03-20 09:30:52,700,1218806.0,600519.0,134124.0,518989.0,178356.0,6.0,S,687105.0,20230320093052.0,1741.1514285714286
2023-03-20 09:30:53,1200,2090310.0,600519.0,521194.0,519428.0,179788.0,6.0,B,690628.0,20230320093052.0,1741.925
2023-03-20 09:30:54,500,871000.0,600519.0,519265.0,523158.0,181087.0,6.0,S,693710.0,20230320093052.0,1742.0
2023-03-20 09:30:55,3300,5761173.0,600519.0,526395.0,511743.0,183260.0,6.0,B,698807.0,20230320093055.0,1745.81
2023-03-20 09:30:56,1800,3137591.0,600519.0,528820.0,528826.0,184943.0,6.0,S,702777.0,20230320093055.0,1743.1061111111112
2023-03-20 09:30:57,4600,8013757.0,600519.0,531281.0,531619.0,186644.0,6.0,S,706978.0,20230320093055.0,1742.1210869565218
2023-03-20 09:30:58,300,523069.0,600519.0,532253.0,534233.0,188599.0,6.0,S,711472.0,20230320093058.0,1743.5633333333333
2023-03-20 09:30:59,500,871496.0,600519.0,519265.0,534792.0,188956.0,6.0,S,712368.0,20230320093058.0,1742.992
2023-03-20 09:31:00,200,348401.0,600519.0,519265.0,538282.0,191140.0,6.0,S,717729.0,20230320093058.0,1742.005
2023-03-20 09:31:01,2000,3487439.0,600519.0,542908.0,534948.0,194158.0,6.0,B,724946.0,20230320093101.0,1743.7195
2023-03-20 09:31:02,800,1393601.0,600519.0,545125.0,545355.0,195941.0,6.0,S,728977.0,20230320093101.0,1742.00125
2023-03-20 09:31:03,1100,1915917.0,600519.0,525343.0,547545.0,197466.0,6.0,S,732314.0,20230320093101.0,1741.7427272727273
2023-03-20 09:31:04,4800,8376761.0,600519.0,134124.0,551690.0,200031.0,6.0,S,738626.0,20230320093104.0,1745.1585416666667
2023-03-20 09:31:06,300,523413.0,600519.0,556740.0,551037.0,203218.0,6.0,B,746714.0,20230320093104.0,1744.71
2023-03-20 09:31:08,1800,3134499.0,600519.0,561946.0,562670.0,207127.0,6.0,S,755980.0,20230320093107.0,1741.3883333333333
2023-03-20 09:31:09,400,696763.0,600519.0,564067.0,559940.0,208010.0,6.0,B,758093.0,20230320093107.0,1741.9075
2023-03-20 09:31:10,8600,14996001.0,600519.0,568699.0,567965.0,211155.0,6.0,B,765323.0,20230320093110.0,1743.721046511628
2023-03-20 09:31:11,1200,2094020.0,600519.0,569867.0,571210.0,213056.0,6.0,S,769494.0,20230320093110.0,1745.0166666666667
2023-03-20 09:31:12,500,872472.0,600519.0,573852.0,573591.0,214507.0,6.0,B,773383.0,20230320093110.0,1744.944
2023-03-20 09:31:13,100,174200.0,600519.0,574957.0,576841.0,216470.0,6.0,S,778193.0,20230320093113.0,1742.0
2023-03-20 09:31:14,200,348908.0,600519.0,577402.0,579838.0,218649.0,6.0,S,782989.0,20230320093113.0,1744.54
2023-03-20 09:31:15,200,348400.0,600519.0,580681.0,582010.0,220145.0,6.0,S,786402.0,20230320093113.0,1742.0
2023-03-20 09:31:16,500,871801.0,600519.0,585105.0,584196.0,222188.0,6.0,B,791087.0,20230320093116.0,1743.602
2023-03-20 09:31:17,100,174600.0,600519.0,585410.0,584621.0,222389.0,6.0,B,791537.0,20230320093116.0,1746.0
2023-03-20 09:31:18,100,174600.0,600519.0,589484.0,584966.0,225245.0,6.0,B,797913.0,20230320093116.0,1746.0
2023-03-20 09:31:19,100,174599.0,600519.0,592405.0,592128.0,227397.0,6.0,B,802607.0,20230320093119.0,1745.99
2023-03-20 09:31:20,100,174208.0,600519.0,591635.0,593789.0,228299.0,6.0,S,804683.0,20230320093119.0,1742.08
2023-03-20 09:31:21,400,698395.0,600519.0,597530.0,590977.0,230787.0,6.0,B,810517.0,20230320093119.0,1745.9875
2023-03-20 09:31:22,700,1220352.0,600519.0,599990.0,598289.0,232612.0,6.0,B,814416.0,20230320093122.0,1743.36
2023-03-20 09:31:23,200,348419.0,600519.0,599025.0,601349.0,233503.0,6.0,S,816448.0,20230320093122.0,1742.095
2023-03-20 09:31:26,700,1221015.0,600519.0,609253.0,602596.0,238695.0,6.0,B,828842.0,20230320093125.0,1744.307142857143
2023-03-20 09:31:27,2000,3491475.0,600519.0,610005.0,583773.0,239262.0,6.0,B,830058.0,20230320093125.0,1745.7375
2023-03-20 09:31:29,100,174531.0,600519.0,616566.0,614936.0,243516.0,6.0,B,839960.0,20230320093128.0,1745.31
2023-03-20 09:31:30,100,174531.0,600519.0,617516.0,614936.0,244056.0,6.0,B,841325.0,20230320093128.0,1745.31
2023-03-20 09:31:31,200,349100.0,600519.0,621181.0,617599.0,246624.0,6.0,B,847145.0,20230320093128.0,1745.5
2023-03-20 09:31:32,500,873007.0,600519.0,622275.0,623730.0,248166.0,6.0,S,850941.0,20230320093131.0,1746.014
2023-03-20 09:31:33,700,1221648.0,600519.0,626169.0,613251.0,249724.0,6.0,B,854637.0,20230320093131.0,1745.2114285714285
2023-03-20 09:31:34,400,698443.0,600519.0,629132.0,573774.0,251459.0,6.0,B,858962.0,20230320093134.0,1746.1075
2023-03-20 09:31:35,2500,4365890.0,600519.0,631064.0,555083.0,252625.0,6.0,B,861863.0,20230320093134.0,1746.356
2023-03-20 09:31:36,11700,20406432.0,600519.0,633809.0,633749.0,254300.0,6.0,B,866015.0,20230320093134.0,1744.139487179487
2023-03-20 09:31:37,300,523619.0,600519.0,634599.0,634238.0,254798.0,6.0,B,867208.0,20230320093134.0,1745.3966666666668
2023-03-20 09:31:38,200,349236.0,600519.0,634788.0,637806.0,256850.0,6.0,S,872154.0,20230320093137.0,1746.18
2023-03-20 09:31:39,200,349236.0,600519.0,636217.0,640095.0,258208.0,6.0,S,875538.0,20230320093137.0,1746.18
2023-03-20 09:31:41,1300,2270428.0,600519.0,634560.0,645448.0,261864.0,6.0,S,883762.0,20230320093140.0,1746.4830769230769
2023-03-20 09:31:42,500,874005.0,600519.0,634560.0,646787.0,262746.0,6.0,S,885825.0,20230320093140.0,1748.01
2023-03-20 09:31:43,300,523927.0,600519.0,650274.0,648778.0,264943.0,6.0,B,891263.0,20230320093143.0,1746.4233333333334
2023-03-20 09:31:44,200,349400.0,600519.0,650274.0,652451.0,266425.0,6.0,S,894638.0,20230320093143.0,1747.0
2023-03-20 09:31:45,200,349309.0,600519.0,634560.0,654196.0,267469.0,6.0,S,897263.0,20230320093143.0,1746.545
2023-03-20 09:31:47,1500,2620123.0,600519.0,634560.0,659515.0,271119.0,6.0,S,905646.0,20230320093146.0,1746.7486666666666
2023-03-20 09:31:48,600,1047910.0,600519.0,661873.0,661565.0,272756.0,6.0,B,909455.0,20230320093146.0,1746.5166666666667
2023-03-20 09:31:49,600,1047690.0,600519.0,664291.0,662959.0,274304.0,6.0,B,913045.0,20230320093149.0,1746.15
2023-03-20 09:31:50,800,1396890.0,600519.0,634560.0,666299.0,275600.0,6.0,S,916108.0,20230320093149.0,1746.1125
2023-03-20 09:31:51,1500,2618808.0,600519.0,667925.0,667404.0,276688.0,6.0,B,918657.0,20230320093149.0,1745.872
2023-03-20 09:31:52,1200,2095090.0,600519.0,670856.0,667255.0,278564.0,6.0,B,923157.0,20230320093152.0,1745.9083333333333
2023-03-20 09:31:55,100,174609.0,600519.0,676200.0,667255.0,282036.0,6.0,B,931322.0,20230320093152.0,1746.09
2023-03-20 09:31:57,2300,4013884.0,600519.0,682194.0,677143.0,286223.0,6.0,B,940664.0,20230320093155.0,1745.1669565217392
2023-03-20 09:31:58,2400,4196085.0,600519.0,684569.0,662965.0,287849.0,6.0,B,944318.0,20230320093158.0,1748.36875
2023-03-20 09:31:59,100,174618.0,600519.0,682194.0,685018.0,288190.0,6.0,S,945034.0,20230320093158.0,1746.18
2023-03-20 09:32:00,100,174618.0,600519.0,682194.0,687600.0,289862.0,6.0,S,948881.0,20230320093158.0,1746.18
2023-03-20 09:32:02,300,524302.0,600519.0,682194.0,692437.0,293044.0,6.0,S,956226.0,20230320093201.0,1747.6733333333334
2023-03-20 09:32:03,100,174618.0,600519.0,682194.0,696612.0,295728.0,6.0,S,962333.0,20230320093201.0,1746.18
2023-03-20 09:32:04,1300,2268657.0,600519.0,698346.0,698134.0,296898.0,6.0,B,964929.0,20230320093201.0,1745.1207692307692
2023-03-20 09:32:06,500,873327.0,600519.0,706105.0,705771.0,302286.0,6.0,B,976819.0,20230320093204.0,1746.654
2023-03-20 09:32:07,300,524483.0,600519.0,708871.0,695564.0,304236.0,6.0,B,981193.0,20230320093204.0,1748.2766666666666
2023-03-20 09:32:08,300,524526.0,600519.0,709532.0,707560.0,304647.0,6.0,B,982171.0,20230320093207.0,1748.42
2023-03-20 09:32:10,300,524129.0,600519.0,717461.0,714285.0,309889.0,6.0,B,994344.0,20230320093210.0,1747.0966666666666
2023-03-20 09:32:12,600,1048886.0,600519.0,721187.0,722531.0,313296.0,6.0,S,1002040.0,20230320093210.0,1748.1433333333334
2023-03-20 09:32:14,700,1224024.0,600519.0,725576.0,727191.0,316310.0,6.0,S,1009225.0,20230320093213.0,1748.6057142857144
2023-03-20 09:32:15,100,174850.0,600519.0,725576.0,729189.0,317445.0,6.0,S,1012160.0,20230320093213.0,1748.5
2023-03-20 09:32:16,200,349705.0,600519.0,725576.0,732401.0,319575.0,6.0,S,1017243.0,20230320093216.0,1748.525
2023-03-20 09:32:19,1000,1748716.0,600519.0,740220.0,738662.0,324244.0,6.0,B,1028998.0,20230320093219.0,1748.716
2023-03-20 09:32:20,500,874353.0,600519.0,741806.0,731124.0,325152.0,6.0,B,1031315.0,20230320093219.0,1748.706
2023-03-20 09:32:22,100,174884.0,600519.0,741631.0,747043.0,328349.0,6.0,S,1039320.0,20230320093219.0,1748.84
2023-03-20 09:32:23,400,699492.0,600519.0,748431.0,731126.0,329067.0,6.0,B,1041291.0,20230320093222.0,1748.73
2023-03-20 09:32:24,200,349776.0,600519.0,750057.0,752970.0,331395.0,6.0,S,1047774.0,20230320093222.0,1748.88
2023-03-20 09:32:25,100,174888.0,600519.0,750057.0,754993.0,332594.0,6.0,S,1050832.0,20230320093222.0,1748.88
2023-03-20 09:32:26,200,349776.0,600519.0,750057.0,756181.0,333202.0,6.0,S,1052566.0,20230320093225.0,1748.88
2023-03-20 09:32:27,1000,1748879.0,600519.0,748981.0,760149.0,335578.0,6.0,S,1058737.0,20230320093225.0,1748.879
2023-03-20 09:32:28,400,699510.0,600519.0,760893.0,759784.0,336047.0,6.0,B,1059876.0,20230320093225.0,1748.775
2023-03-20 09:32:29,400,699442.0,600519.0,764010.0,763395.0,337861.0,6.0,B,1064663.0,20230320093228.0,1748.605
2023-03-20 09:32:30,2200,3847402.0,600519.0,766362.0,766596.0,339303.0,6.0,S,1068551.0,20230320093228.0,1748.8190909090908
2023-03-20 09:32:31,600,1048722.0,600519.0,769522.0,768634.0,340933.0,6.0,B,1073086.0,20230320093231.0,1747.87
2023-03-20 09:32:32,1200,2098202.0,600519.0,770375.0,771864.0,342463.0,6.0,S,1076734.0,20230320093231.0,1748.5016666666668
2023-03-20 09:32:33,600,1048869.0,600519.0,769916.0,773513.0,343610.0,6.0,S,1079375.0,20230320093231.0,1748.115
2023-03-20 09:32:34,100,174703.0,600519.0,774438.0,775428.0,344810.0,6.0,S,1082403.0,20230320093231.0,1747.03
2023-03-20 09:32:35,200,349290.0,600519.0,769612.0,777589.0,346075.0,6.0,S,1085847.0,20230320093234.0,1746.45
2023-03-20 09:32:36,100,174645.0,600519.0,776501.0,780685.0,347947.0,6.0,S,1090701.0,20230320093234.0,1746.45
2023-03-20 09:32:37,4100,7172556.0,600519.0,782480.0,783202.0,349607.0,6.0,S,1094726.0,20230320093237.0,1749.4039024390245
2023-03-20 09:32:38,500,875005.0,600519.0,783334.0,785210.0,350838.0,6.0,S,1097896.0,20230320093237.0,1750.01
2023-03-20 09:32:39,600,1050031.0,600519.0,783334.0,786438.0,351534.0,6.0,S,1099749.0,20230320093237.0,1750.0516666666667
2023-03-20 09:32:40,1200,2100907.0,600519.0,789326.0,705722.0,353174.0,6.0,B,1104066.0,20230320093240.0,1750.7558333333334
2023-03-20 09:32:41,1500,2625367.0,600519.0,782480.0,791380.0,354490.0,6.0,S,1107318.0,20230320093240.0,1750.2446666666667
2023-03-20 09:32:42,1000,1750000.0,600519.0,793170.0,791967.0,355519.0,6.0,B,1109943.0,20230320093240.0,1750.0
2023-03-20 09:32:43,100,175000.0,600519.0,793575.0,791967.0,355734.0,6.0,B,1110516.0,20230320093240.0,1750.0
2023-03-20 09:32:44,100,175000.0,600519.0,797381.0,791967.0,358304.0,6.0,B,1116476.0,20230320093243.0,1750.0
2023-03-20 09:32:45,5400,9449909.0,600519.0,799850.0,799948.0,360030.0,6.0,S,1120430.0,20230320093243.0,1749.983148148148
2023-03-20 09:32:46,400,700078.0,600519.0,789304.0,802288.0,361533.0,6.0,S,1123782.0,20230320093246.0,1750.195
2023-03-20 09:32:47,200,349994.0,600519.0,803645.0,803633.0,362552.0,6.0,B,1125793.0,20230320093246.0,1749.97
2023-03-20 09:32:49,2300,4022760.0,600519.0,809101.0,808093.0,366026.0,6.0,B,1133933.0,20230320093249.0,1749.0260869565218
2023-03-20 09:32:50,6000,10493290.0,600519.0,811030.0,809404.0,367246.0,6.0,B,1136781.0,20230320093249.0,1748.8816666666667
2023-03-20 09:32:51,200,349830.0,600519.0,811030.0,812359.0,368035.0,6.0,S,1138782.0,20230320093249.0,1749.15
2023-03-20 09:32:52,300,524998.0,600519.0,815552.0,814681.0,370172.0,6.0,B,1143714.0,20230320093252.0,1749.9933333333333
2023-03-20 09:32:53,700,1224475.0,600519.0,815981.0,816954.0,371148.0,6.0,S,1145926.0,20230320093252.0,1749.25
2023-03-20 09:32:54,300,524841.0,600519.0,819691.0,818145.0,372860.0,6.0,B,1150143.0,20230320093252.0,1749.47
2023-03-20 09:32:56,200,350154.0,600519.0,822314.0,822470.0,375381.0,6.0,S,1155124.0,20230320093255.0,1750.77
2023-03-20 09:32:57,2900,5077674.0,600519.0,824664.0,811857.0,376708.0,6.0,B,1158523.0,20230320093255.0,1750.9220689655172
2023-03-20 09:32:58,100,175080.0,600519.0,827684.0,827182.0,378512.0,6.0,B,1163166.0,20230320093258.0,1750.8
2023-03-20 09:32:59,300,525340.0,600519.0,827776.0,829785.0,379809.0,6.0,S,1166202.0,20230320093258.0,1751.1333333333334
2023-03-20 09:33:00,2200,3851945.0,600519.0,823943.0,832326.0,381341.0,6.0,S,1169969.0,20230320093258.0,1750.884090909091
2023-03-20 09:33:01,2300,4026695.0,600519.0,823943.0,833618.0,382134.0,6.0,S,1171918.0,20230320093258.0,1750.736956521739
2023-03-20 09:33:02,900,1575671.0,600519.0,828447.0,835130.0,383128.0,6.0,S,1174268.0,20230320093301.0,1750.7455555555555
2023-03-20 09:33:03,100,175095.0,600519.0,839898.0,839672.0,386189.0,6.0,B,1181498.0,20230320093301.0,1750.95
2023-03-20 09:33:04,500,875427.0,600519.0,836662.0,842371.0,387924.0,6.0,S,1185394.0,20230320093304.0,1750.854
2023-03-20 09:33:05,100,175073.0,600519.0,833133.0,843313.0,388508.0,6.0,S,1186794.0,20230320093304.0,1750.73
2023-03-20 09:33:06,100,175100.0,600519.0,847868.0,846661.0,391556.0,6.0,B,1193856.0,20230320093304.0,1751.0
2023-03-20 09:33:07,500,875970.0,600519.0,850877.0,660735.0,393509.0,6.0,B,1198413.0,20230320093307.0,1751.94
2023-03-20 09:33:08,100,175074.0,600519.0,843389.0,851674.0,393952.0,6.0,S,1199536.0,20230320093307.0,1750.74
2023-03-20 09:33:09,200,350147.0,600519.0,855817.0,855342.0,396371.0,6.0,B,1205644.0,20230320093307.0,1750.735
2023-03-20 09:33:10,300,525025.0,600519.0,822261.0,856751.0,396991.0,6.0,S,1207056.0,20230320093307.0,1750.0833333333333
2023-03-20 09:33:11,100,175073.0,600519.0,858477.0,857129.0,398218.0,6.0,B,1209809.0,20230320093310.0,1750.73
2023-03-20 09:33:12,400,700291.0,600519.0,861467.0,857129.0,400176.0,6.0,B,1214505.0,20230320093310.0,1750.7275
2023-03-20 09:33:13,200,350002.0,600519.0,822261.0,864743.0,402129.0,6.0,S,1219392.0,20230320093313.0,1750.01
2023-03-20 09:33:14,300,525219.0,600519.0,866389.0,857129.0,403076.0,6.0,B,1221857.0,20230320093313.0,1750.73
2023-03-20 09:33:17,2200,3851609.0,600519.0,873088.0,861685.0,407368.0,6.0,B,1232211.0,20230320093316.0,1750.7313636363635
2023-03-20 09:33:18,1500,2626295.0,600519.0,874546.0,862187.0,408171.0,6.0,B,1234467.0,20230320093316.0,1750.8633333333332
2023-03-20 09:33:19,1100,1925896.0,600519.0,877271.0,857469.0,409753.0,6.0,B,1238620.0,20230320093319.0,1750.8145454545454
2023-03-20 09:33:20,300,525521.0,600519.0,877395.0,872297.0,409833.0,6.0,B,1238818.0,20230320093319.0,1751.7366666666667
2023-03-20 09:33:21,400,700664.0,600519.0,880313.0,881833.0,412512.0,6.0,S,1245393.0,20230320093319.0,1751.66
2023-03-20 09:33:22,1500,2628000.0,600519.0,884214.0,881976.0,414005.0,6.0,B,1248928.0,20230320093322.0,1752.0
2023-03-20 09:33:23,400,700875.0,600519.0,885308.0,326645.0,414686.0,6.0,B,1250558.0,20230320093322.0,1752.1875
2023-03-20 09:33:24,100,175200.0,600519.0,884345.0,888473.0,416256.0,6.0,S,1255038.0,20230320093322.0,1752.0
2023-03-20 09:33:25,200,350398.0,600519.0,891079.0,890718.0,417738.0,6.0,B,1258935.0,20230320093325.0,1751.99
2023-03-20 09:33:26,100,175200.0,600519.0,891079.0,891323.0,417868.0,6.0,S,1259280.0,20230320093325.0,1752.0
2023-03-20 09:33:27,600,1051137.0,600519.0,883095.0,895648.0,420551.0,6.0,S,1265535.0,20230320093325.0,1751.895
2023-03-20 09:33:30,300,525774.0,600519.0,901624.0,902784.0,425004.0,6.0,S,1276181.0,20230320093328.0,1752.58
2023-03-20 09:33:31,300,525702.0,600519.0,905537.0,853606.0,426649.0,6.0,B,1280130.0,20230320093331.0,1752.34
2023-03-20 09:33:32,100,175286.0,600519.0,906637.0,894428.0,427352.0,6.0,B,1281820.0,20230320093331.0,1752.86
2023-03-20 09:33:33,300,525865.0,600519.0,908770.0,909421.0,429360.0,6.0,S,1286355.0,20230320093331.0,1752.8833333333334
2023-03-20 09:33:34,100,175286.0,600519.0,908771.0,911541.0,430660.0,6.0,S,1289559.0,20230320093334.0,1752.86
2023-03-20 09:33:35,400,701200.0,600519.0,911833.0,321870.0,430836.0,6.0,B,1289981.0,20230320093334.0,1753.0
2023-03-20 09:33:36,100,175286.0,600519.0,908780.0,914923.0,432540.0,6.0,S,1294559.0,20230320093334.0,1752.86
2023-03-20 09:33:38,100,175286.0,600519.0,911929.0,919108.0,434966.0,6.0,S,1300797.0,20230320093337.0,1752.86
2023-03-20 09:33:40,10600,18569948.0,600519.0,923551.0,923373.0,437652.0,6.0,B,1307560.0,20230320093340.0,1751.8818867924529
2023-03-20 09:33:41,500,876117.0,600519.0,923771.0,925411.0,438794.0,6.0,S,1310350.0,20230320093340.0,1752.234
2023-03-20 09:33:42,200,350410.0,600519.0,926692.0,924572.0,439644.0,6.0,B,1312399.0,20230320093340.0,1752.05
2023-03-20 09:33:44,100,175200.0,600519.0,931154.0,929162.0,442533.0,6.0,B,1319070.0,20230320093343.0,1752.0
2023-03-20 09:33:46,100,175200.0,600519.0,935435.0,931388.0,445191.0,6.0,B,1325648.0,20230320093346.0,1752.0
2023-03-20 09:33:47,700,1226840.0,600519.0,937124.0,923610.0,446225.0,6.0,B,1328143.0,20230320093346.0,1752.6285714285714
2023-03-20 09:33:48,300,525716.0,600519.0,938697.0,923610.0,447183.0,6.0,B,1330516.0,20230320093346.0,1752.3866666666668
2023-03-20 09:33:49,100,175200.0,600519.0,939566.0,939051.0,447925.0,6.0,B,1332052.0,20230320093346.0,1752.0
2023-03-20 09:33:51,400,700770.0,600519.0,923771.0,943798.0,450521.0,6.0,S,1338612.0,20230320093349.0,1751.925
2023-03-20 09:33:52,100,175200.0,600519.0,946027.0,945409.0,451792.0,6.0,B,1342053.0,20230320093349.0,1752.0
2023-03-20 09:33:53,300,525610.0,600519.0,946761.0,948056.0,452935.0,6.0,S,1345054.0,20230320093352.0,1752.0333333333333
2023-03-20 09:33:56,100,175178.0,600519.0,953276.0,950453.0,456319.0,6.0,B,1353252.0,20230320093355.0,1751.78
2023-03-20 09:33:57,700,1226532.0,600519.0,954549.0,952098.0,457031.0,6.0,B,1355154.0,20230320093355.0,1752.1885714285713
2023-03-20 09:33:58,400,700710.0,600519.0,957170.0,957104.0,458646.0,6.0,B,1359161.0,20230320093358.0,1751.775
2023-03-20 09:34:00,100,175178.0,600519.0,959864.0,958815.0,460216.0,6.0,B,1363005.0,20230320093358.0,1751.78
2023-03-20 09:34:01,2100,3678478.0,600519.0,944900.0,963431.0,462479.0,6.0,S,1368397.0,20230320093401.0,1751.6561904761904
2023-03-20 09:34:02,7900,13837883.0,600519.0,965070.0,963917.0,463503.0,6.0,B,1370825.0,20230320093401.0,1751.630759493671
2023-03-20 09:34:03,300,525470.0,600519.0,967174.0,967154.0,464715.0,6.0,B,1373892.0,20230320093401.0,1751.5666666666666
2023-03-20 09:34:04,1700,2977870.0,600519.0,969737.0,970003.0,466464.0,6.0,S,1378126.0,20230320093404.0,1751.6882352941177
2023-03-20 09:34:05,100,175150.0,600519.0,969984.0,970573.0,466838.0,6.0,S,1379013.0,20230320093404.0,1751.5
2023-03-20 09:34:06,100,175101.0,600519.0,969060.0,973819.0,468768.0,6.0,S,1384020.0,20230320093404.0,1751.01
2023-03-20 09:34:07,400,700482.0,600519.0,975323.0,970026.0,469856.0,6.0,B,1386521.0,20230320093404.0,1751.205
2023-03-20 09:34:08,700,1226165.0,600519.0,977310.0,963917.0,471140.0,6.0,B,1389604.0,20230320093407.0,1751.6642857142858
2023-03-20 09:34:09,100,175073.0,600519.0,894545.0,979998.0,473038.0,6.0,S,1393937.0,20230320093407.0,1750.73
2023-03-20 09:34:10,700,1226190.0,600519.0,980617.0,963917.0,473408.0,6.0,B,1394920.0,20230320093407.0,1751.7
2023-03-20 09:34:11,600,1050879.0,600519.0,982844.0,983112.0,474829.0,6.0,S,1398635.0,20230320093410.0,1751.465
2023-03-20 09:34:12,100,175170.0,600519.0,985573.0,963917.0,476297.0,6.0,B,1402349.0,20230320093410.0,1751.7
2023-03-20 09:34:14,200,350146.0,600519.0,894545.0,988683.0,478041.0,6.0,S,1407143.0,20230320093413.0,1750.73
2023-03-20 09:34:15,100,175150.0,600519.0,991451.0,989568.0,479805.0,6.0,B,1411372.0,20230320093413.0,1751.5
2023-03-20 09:34:16,200,350146.0,600519.0,976428.0,993521.0,481073.0,6.0,S,1414512.0,20230320093413.0,1750.73
2023-03-20 09:34:17,800,1401251.0,600519.0,994980.0,968270.0,481850.0,6.0,B,1416707.0,20230320093416.0,1751.56375
2023-03-20 09:34:18,100,175073.0,600519.0,997497.0,996288.0,483352.0,6.0,B,1420738.0,20230320093416.0,1750.73
2023-03-20 09:34:19,100,175073.0,600519.0,998045.0,996288.0,483661.0,6.0,B,1421608.0,20230320093416.0,1750.73
2023-03-20 09:34:20,300,525343.0,600519.0,1000405.0,968270.0,484957.0,6.0,B,1425151.0,20230320093419.0,1751.1433333333334
2023-03-20 09:34:22,1100,1925803.0,600519.0,1004489.0,1003780.0,487341.0,6.0,B,1431305.0,20230320093419.0,1750.73
2023-03-20 09:34:23,300,525195.0,600519.0,1006563.0,1003780.0,488591.0,6.0,B,1434397.0,20230320093422.0,1750.65
2023-03-20 09:34:24,300,525147.0,600519.0,998007.0,1006945.0,488832.0,6.0,S,1435012.0,20230320093422.0,1750.49
2023-03-20 09:34:25,100,175049.0,600519.0,998044.0,1010695.0,490975.0,6.0,S,1440505.0,20230320093425.0,1750.49
2023-03-20 09:34:27,600,1050586.0,600519.0,999242.0,1013881.0,492898.0,6.0,S,1445436.0,20230320093425.0,1750.9766666666667
2023-03-20 09:34:29,200,350337.0,600519.0,1016329.0,968270.0,494236.0,6.0,B,1448907.0,20230320093428.0,1751.685
2023-03-20 09:34:30,1200,2101943.0,600519.0,1018255.0,1019119.0,495835.0,6.0,S,1452999.0,20230320093428.0,1751.6191666666666
2023-03-20 09:34:31,300,525517.0,600519.0,1018255.0,1021042.0,496977.0,6.0,S,1455817.0,20230320093431.0,1751.7233333333334
2023-03-20 09:34:32,400,700680.0,600519.0,1018255.0,1021198.0,497056.0,6.0,S,1456026.0,20230320093431.0,1751.7
2023-03-20 09:34:34,100,175170.0,600519.0,1018255.0,1026440.0,500151.0,6.0,S,1463872.0,20230320093434.0,1751.7
2023-03-20 09:34:35,100,175170.0,600519.0,1018255.0,1027382.0,500758.0,6.0,S,1465279.0,20230320093434.0,1751.7
2023-03-20 09:34:37,300,525600.0,600519.0,1031416.0,977515.0,503232.0,6.0,B,1471432.0,20230320093437.0,1752.0
2023-03-20 09:34:38,600,1051131.0,600519.0,1031446.0,1032805.0,504005.0,6.0,S,1473531.0,20230320093437.0,1751.885
2023-03-20 09:34:39,100,175177.0,600519.0,1031631.0,1034530.0,504996.0,6.0,S,1476072.0,20230320093437.0,1751.77
2023-03-20 09:34:40,100,175170.0,600519.0,1018255.0,1035319.0,505456.0,6.0,S,1477271.0,20230320093437.0,1751.7
2023-03-20 09:34:41,400,700681.0,600519.0,1038144.0,1038262.0,507228.0,6.0,S,1481620.0,20230320093440.0,1751.7025
2023-03-20 09:34:42,400,700752.0,600519.0,1039600.0,1038434.0,508005.0,6.0,B,1483644.0,20230320093440.0,1751.88
2023-03-20 09:34:44,200,350399.0,600519.0,1042313.0,1029182.0,509610.0,6.0,B,1487715.0,20230320093443.0,1751.995
2023-03-20 09:34:46,200,350340.0,600519.0,1018255.0,1047175.0,512535.0,6.0,S,1495132.0,20230320093446.0,1751.7
2023-03-20 09:34:47,500,875892.0,600519.0,1048531.0,1043060.0,513412.0,6.0,B,1497082.0,20230320093446.0,1751.784
2023-03-20 09:34:48,1100,1927197.0,600519.0,1049880.0,1050828.0,514687.0,6.0,S,1500409.0,20230320093446.0,1751.9972727272727
2023-03-20 09:34:49,100,175200.0,600519.0,1049880.0,1051330.0,514965.0,6.0,S,1501163.0,20230320093446.0,1752.0
2023-03-20 09:34:50,200,350400.0,600519.0,1049880.0,1053811.0,516668.0,6.0,S,1505094.0,20230320093449.0,1752.0
2023-03-20 09:34:51,200,350503.0,600519.0,1055356.0,1056151.0,518101.0,6.0,S,1508634.0,20230320093449.0,1752.515
2023-03-20 09:34:52,200,350555.0,600519.0,1058101.0,1045969.0,519269.0,6.0,B,1511647.0,20230320093452.0,1752.775
2023-03-20 09:34:53,300,525839.0,600519.0,1059410.0,968754.0,520056.0,6.0,B,1513632.0,20230320093452.0,1752.7966666666666
2023-03-20 09:34:54,800,1402225.0,600519.0,1060589.0,1040819.0,520688.0,6.0,B,1515425.0,20230320093452.0,1752.78125
2023-03-20 09:34:55,600,1051662.0,600519.0,1060184.0,1062680.0,522136.0,6.0,S,1518703.0,20230320093452.0,1752.77
2023-03-20 09:34:56,1700,2979730.0,600519.0,1063425.0,1064288.0,523124.0,6.0,S,1521216.0,20230320093455.0,1752.7823529411764
2023-03-20 09:34:57,300,525831.0,600519.0,1066266.0,1064879.0,524260.0,6.0,B,1524162.0,20230320093455.0,1752.77
2023-03-20 09:34:58,700,1226801.0,600519.0,1057856.0,1068138.0,525434.0,6.0,S,1526988.0,20230320093458.0,1752.5728571428572
2023-03-20 09:34:59,1000,1752354.0,600519.0,1069319.0,1064879.0,526099.0,6.0,B,1528772.0,20230320093458.0,1752.354
2023-03-20 09:35:00,500,876385.0,600519.0,1071726.0,1064879.0,527680.0,6.0,B,1532428.0,20230320093458.0,1752.77
2023-03-20 09:35:01,700,1226665.0,600519.0,1073538.0,1064879.0,528925.0,6.0,B,1535210.0,20230320093458.0,1752.3785714285714
2023-03-20 09:35:02,1000,1752114.0,600519.0,1075736.0,1074423.0,530631.0,6.0,B,1538718.0,20230320093501.0,1752.114
2023-03-20 09:35:05,1100,1927256.0,600519.0,1082222.0,1081544.0,534792.0,6.0,B,1548667.0,20230320093504.0,1752.050909090909
2023-03-20 09:35:06,300,525655.0,600519.0,1083345.0,1081344.0,535692.0,6.0,B,1550550.0,20230320093504.0,1752.1833333333334
2023-03-20 09:35:07,2300,4031356.0,600519.0,1086857.0,952098.0,537724.0,6.0,B,1556010.0,20230320093507.0,1752.7634782608695
2023-03-20 09:35:08,4700,8238447.0,600519.0,1088498.0,1088524.0,538869.0,6.0,S,1558723.0,20230320093507.0,1752.8610638297873
2023-03-20 09:35:09,1900,3330820.0,600519.0,1090883.0,1091077.0,540604.0,6.0,S,1562836.0,20230320093507.0,1753.0631578947368
2023-03-20 09:35:10,600,1052068.0,600519.0,1093547.0,984734.0,542148.0,6.0,B,1566714.0,20230320093510.0,1753.4466666666667
2023-03-20 09:35:11,1000,1753701.0,600519.0,1091665.0,1095079.0,543157.0,6.0,S,1569182.0,20230320093510.0,1753.701
2023-03-20 09:35:12,1200,2104796.0,600519.0,1097452.0,632880.0,544528.0,6.0,B,1572847.0,20230320093510.0,1753.9966666666667
2023-03-20 09:35:13,700,1227799.0,600519.0,1099776.0,1069575.0,545855.0,6.0,B,1576379.0,20230320093513.0,1753.9985714285715
2023-03-20 09:35:14,500,876970.0,600519.0,1099808.0,1101249.0,546961.0,6.0,S,1578816.0,20230320093513.0,1753.94
2023-03-20 09:35:16,100,175361.0,600519.0,1100072.0,1103805.0,548510.0,6.0,S,1582824.0,20230320093513.0,1753.61
2023-03-20 09:35:17,500,876880.0,600519.0,1107169.0,1089296.0,550617.0,6.0,B,1588180.0,20230320093516.0,1753.76
2023-03-20 09:35:18,900,1577992.0,600519.0,1109118.0,1108389.0,551696.0,6.0,B,1591146.0,20230320093516.0,1753.3244444444445
2023-03-20 09:35:19,600,1051800.0,600519.0,1110817.0,1108389.0,552677.0,6.0,B,1593777.0,20230320093519.0,1753.0
2023-03-20 09:35:20,1400,2454160.0,600519.0,1112448.0,1108389.0,553560.0,6.0,B,1596168.0,20230320093519.0,1752.9714285714285
2023-03-20 09:35:21,600,1051800.0,600519.0,1114580.0,1108389.0,554708.0,6.0,B,1599325.0,20230320093519.0,1753.0
2023-03-20 09:35:22,400,701199.0,600519.0,1115519.0,1115329.0,555224.0,6.0,B,1600742.0,20230320093519.0,1752.9975
2023-03-20 09:35:23,1100,1928248.0,600519.0,1117109.0,1118752.0,557361.0,6.0,S,1605883.0,20230320093522.0,1752.9527272727273
2023-03-20 09:35:24,600,1051787.0,600519.0,1119897.0,1108389.0,558047.0,6.0,B,1607635.0,20230320093522.0,1752.9783333333332
2023-03-20 09:35:25,100,175300.0,600519.0,1122499.0,1108389.0,559511.0,6.0,B,1611521.0,20230320093522.0,1753.0
2023-03-20 09:35:27,100,175299.0,600519.0,1123232.0,1125564.0,561365.0,6.0,S,1616316.0,20230320093525.0,1752.99
2023-03-20 09:35:28,100,175299.0,600519.0,1128225.0,1128464.0,563281.0,6.0,S,1620991.0,20230320093528.0,1752.99
2023-03-20 09:35:29,1000,1752944.0,600519.0,1087763.0,1129836.0,564177.0,6.0,S,1623192.0,20230320093528.0,1752.944
2023-03-20 09:35:30,100,175300.0,600519.0,1130727.0,1108389.0,564611.0,6.0,B,1624530.0,20230320093528.0,1753.0
2023-03-20 09:35:31,100,175299.0,600519.0,1133255.0,1132326.0,566135.0,6.0,B,1628449.0,20230320093528.0,1752.99
2023-03-20 09:35:32,400,701043.0,600519.0,1133545.0,1134688.0,566974.0,6.0,S,1630600.0,20230320093531.0,1752.6075
2023-03-20 09:35:34,300,525812.0,600519.0,1138995.0,1137804.0,569587.0,6.0,B,1637180.0,20230320093534.0,1752.7066666666667
2023-03-20 09:35:35,600,1051348.0,600519.0,1133581.0,1140022.0,570261.0,6.0,S,1638781.0,20230320093534.0,1752.2466666666667
2023-03-20 09:35:37,100,175278.0,600519.0,1143043.0,1140971.0,572183.0,6.0,B,1643532.0,20230320093534.0,1752.78
2023-03-20 09:35:40,400,700974.0,600519.0,1149080.0,1141424.0,576011.0,6.0,B,1652907.0,20230320093540.0,1752.435
2023-03-20 09:35:41,600,1051530.0,600519.0,1150629.0,1141424.0,576971.0,6.0,B,1655267.0,20230320093540.0,1752.55
2023-03-20 09:35:43,200,350556.0,600519.0,1153905.0,1141424.0,579183.0,6.0,B,1660603.0,20230320093543.0,1752.78
2023-03-20 09:35:47,100,175210.0,600519.0,1156400.0,1160954.0,583850.0,6.0,S,1671521.0,20230320093546.0,1752.1
2023-03-20 09:35:48,100,175278.0,600519.0,1162769.0,1141424.0,584887.0,6.0,B,1674119.0,20230320093546.0,1752.78
2023-03-20 09:35:49,400,700974.0,600519.0,1164901.0,1141424.0,586202.0,6.0,B,1677370.0,20230320093546.0,1752.435
2023-03-20 09:35:50,400,701112.0,600519.0,1166855.0,1141424.0,587725.0,6.0,B,1680601.0,20230320093549.0,1752.78
2023-03-20 09:35:51,400,700903.0,600519.0,1168604.0,1167905.0,588678.0,6.0,B,1683202.0,20230320093549.0,1752.2575
2023-03-20 09:35:52,1300,2278598.0,600519.0,1170764.0,1139117.0,590047.0,6.0,B,1686473.0,20230320093552.0,1752.7676923076924
2023-03-20 09:35:53,400,701176.0,600519.0,1172068.0,1137670.0,590814.0,6.0,B,1688423.0,20230320093552.0,1752.94
2023-03-20 09:35:54,300,525876.0,600519.0,1171126.0,1173765.0,591962.0,6.0,S,1691145.0,20230320093552.0,1752.92
2023-03-20 09:35:55,300,525837.0,600519.0,1170903.0,1174972.0,592572.0,6.0,S,1692860.0,20230320093552.0,1752.79
2023-03-20 09:35:56,800,1402240.0,600519.0,1170318.0,1176989.0,593855.0,6.0,S,1695957.0,20230320093555.0,1752.8
2023-03-20 09:35:59,600,1051510.0,600519.0,1167989.0,1183090.0,597847.0,6.0,S,1705435.0,20230320093558.0,1752.5166666666667
2023-03-20 09:36:01,100,175278.0,600519.0,1186810.0,1183740.0,599949.0,6.0,B,1711060.0,20230320093558.0,1752.78
2023-03-20 09:36:02,200,350480.0,600519.0,1164442.0,1188629.0,601096.0,6.0,S,1713774.0,20230320093601.0,1752.4
2023-03-20 09:36:05,1800,3154863.0,600519.0,1194770.0,1183510.0,605205.0,6.0,B,1723200.0,20230320093604.0,1752.7016666666666
2023-03-20 09:36:06,100,175210.0,600519.0,1164862.0,1197596.0,607073.0,6.0,S,1727669.0,20230320093604.0,1752.1
2023-03-20 09:36:08,600,1051208.0,600519.0,1155131.0,1202514.0,610365.0,6.0,S,1735598.0,20230320093607.0,1752.0133333333333
2023-03-20 09:36:09,100,175200.0,600519.0,1203453.0,1202614.0,610849.0,6.0,B,1737040.0,20230320093607.0,1752.0
2023-03-20 09:36:11,500,875959.0,600519.0,1202740.0,1208316.0,614310.0,6.0,S,1744846.0,20230320093610.0,1751.918
2023-03-20 09:36:12,300,525560.0,600519.0,1206902.0,1211054.0,615862.0,6.0,S,1749000.0,20230320093610.0,1751.8666666666666
2023-03-20 09:36:13,100,175180.0,600519.0,1164364.0,1211192.0,615973.0,6.0,S,1749218.0,20230320093610.0,1751.8
2023-03-20 09:36:14,100,175181.0,600519.0,1211973.0,1213816.0,617525.0,6.0,S,1753075.0,20230320093613.0,1751.81
2023-03-20 09:36:15,100,175180.0,600519.0,1164935.0,1216947.0,619534.0,6.0,S,1757993.0,20230320093613.0,1751.8
2023-03-20 09:36:16,100,175150.0,600519.0,1099927.0,1219452.0,621066.0,6.0,S,1761700.0,20230320093616.0,1751.5
2023-03-20 09:36:17,200,350103.0,600519.0,1160826.0,1220913.0,621914.0,6.0,S,1763926.0,20230320093616.0,1750.515
2023-03-20 09:36:19,1000,1750009.0,600519.0,871000.0,1225890.0,624990.0,6.0,S,1771593.0,20230320093619.0,1750.009
2023-03-20 09:36:20,900,1574916.0,600519.0,811030.0,1227307.0,626066.0,6.0,S,1773959.0,20230320093619.0,1749.9066666666668
2023-03-20 09:36:21,100,175001.0,600519.0,1227717.0,1227127.0,626363.0,6.0,B,1774603.0,20230320093619.0,1750.01
2023-03-20 09:36:22,600,1049490.0,600519.0,811030.0,1231637.0,628740.0,6.0,S,1780493.0,20230320093622.0,1749.15
2023-03-20 09:36:23,600,1049490.0,600519.0,811030.0,1232802.0,629528.0,6.0,S,1782350.0,20230320093622.0,1749.15
2023-03-20 09:36:24,300,524745.0,600519.0,811030.0,1234938.0,630761.0,6.0,S,1785580.0,20230320093622.0,1749.15
2023-03-20 09:36:25,500,874491.0,600519.0,1040578.0,1237110.0,632084.0,6.0,S,1788964.0,20230320093625.0,1748.982
2023-03-20 09:36:26,200,349772.0,600519.0,1239143.0,1238751.0,633387.0,6.0,B,1791957.0,20230320093625.0,1748.86
2023-03-20 09:36:28,3100,5413902.0,600519.0,706105.0,1243954.0,636556.0,6.0,S,1799340.0,20230320093628.0,1746.42
2023-03-20 09:36:31,100,174600.0,600519.0,791898.0,1251573.0,641577.0,6.0,S,1811095.0,20230320093631.0,1746.0
2023-03-20 09:36:33,3000,5245465.0,600519.0,1254348.0,1238085.0,643526.0,6.0,B,1815375.0,20230320093631.0,1748.4883333333332
2023-03-20 09:36:40,200,349200.0,600519.0,1249508.0,1268351.0,652301.0,6.0,S,1836889.0,20230320093640.0,1746.0
2023-03-20 09:36:42,300,523800.0,600519.0,1271570.0,1269545.0,654238.0,6.0,B,1841778.0,20230320093640.0,1746.0
2023-03-20 09:36:43,800,1396302.0,600519.0,1273055.0,1272208.0,655278.0,6.0,B,1844130.0,20230320093640.0,1745.3775
2023-03-20 09:36:44,100,174600.0,600519.0,1274381.0,1272208.0,655985.0,6.0,B,1846061.0,20230320093643.0,1746.0
2023-03-20 09:36:45,400,698400.0,600519.0,1276498.0,1272208.0,657526.0,6.0,B,1849563.0,20230320093643.0,1746.0
2023-03-20 09:36:46,3100,5412600.0,600519.0,1278753.0,1272208.0,658887.0,6.0,B,1852841.0,20230320093646.0,1746.0
2023-03-20 09:36:47,100,174579.0,600519.0,1279537.0,1279055.0,659331.0,6.0,B,1853986.0,20230320093646.0,1745.79
2023-03-20 09:36:49,100,174556.0,600519.0,1283391.0,1283232.0,661822.0,6.0,B,1859989.0,20230320093646.0,1745.56
2023-03-20 09:36:50,200,349112.0,600519.0,1285577.0,1283263.0,663133.0,6.0,B,1863199.0,20230320093649.0,1745.56
2023-03-20 09:36:51,300,523506.0,600519.0,1284138.0,1286524.0,663652.0,6.0,S,1864608.0,20230320093649.0,1745.02
2023-03-20 09:36:52,1000,1745556.0,600519.0,1289317.0,1289234.0,665181.0,6.0,B,1868620.0,20230320093652.0,1745.556
2023-03-20 09:36:53,100,174496.0,600519.0,1286067.0,1289483.0,665281.0,6.0,S,1868860.0,20230320093652.0,1744.96
2023-03-20 09:36:56,300,523560.0,600519.0,1294502.0,1290507.0,668429.0,6.0,B,1876577.0,20230320093655.0,1745.2
2023-03-20 09:36:59,11000,19205815.0,600519.0,1300502.0,1272208.0,672126.0,6.0,B,1885964.0,20230320093658.0,1745.9831818181817
2023-03-20 09:37:00,100,174500.0,600519.0,1300161.0,1301715.0,672825.0,6.0,S,1887732.0,20230320093658.0,1745.0
2023-03-20 09:37:01,3500,6111000.0,600519.0,1304273.0,1279475.0,674247.0,6.0,B,1891705.0,20230320093701.0,1746.0
2023-03-20 09:37:02,2300,4015800.0,600519.0,1304834.0,1279475.0,674650.0,6.0,B,1892601.0,20230320093701.0,1746.0
2023-03-20 09:37:05,100,174885.0,600519.0,1311209.0,1256371.0,678489.0,6.0,B,1902097.0,20230320093704.0,1748.85
2023-03-20 09:37:07,400,698460.0,600519.0,1314451.0,1315514.0,680988.0,6.0,S,1908856.0,20230320093707.0,1746.15
2023-03-20 09:37:08,100,174900.0,600519.0,1315792.0,1238085.0,681128.0,6.0,B,1909283.0,20230320093707.0,1749.0
2023-03-20 09:37:11,100,174881.0,600519.0,1321509.0,1318536.0,684549.0,6.0,B,1918119.0,20230320093710.0,1748.81
2023-03-20 09:37:15,200,349760.0,600519.0,1328558.0,1327396.0,688418.0,6.0,B,1928670.0,20230320093713.0,1748.8
2023-03-20 09:37:22,200,349342.0,600519.0,1330881.0,1339616.0,695460.0,6.0,S,1946090.0,20230320093719.0,1746.71
2023-03-20 09:37:24,200,349529.0,600519.0,1343457.0,1342954.0,697740.0,6.0,B,1951930.0,20230320093722.0,1747.645
2023-03-20 09:37:25,800,1397136.0,600519.0,1345483.0,1345431.0,698858.0,6.0,B,1954994.0,20230320093725.0,1746.42
2023-03-20 09:37:27,1600,2793653.0,600519.0,1348188.0,1347392.0,700382.0,6.0,B,1959019.0,20230320093725.0,1746.033125
2023-03-20 09:37:28,200,349261.0,600519.0,1349301.0,1350292.0,701665.0,6.0,S,1962309.0,20230320093728.0,1746.305
2023-03-20 09:37:29,500,873080.0,600519.0,1352001.0,1350332.0,702774.0,6.0,B,1964956.0,20230320093728.0,1746.16
2023-03-20 09:37:31,200,349262.0,600519.0,1355405.0,1353762.0,704793.0,6.0,B,1970274.0,20230320093731.0,1746.31
2023-03-20 09:37:32,100,174618.0,600519.0,1356633.0,1355619.0,705670.0,6.0,B,1972200.0,20230320093731.0,1746.18
2023-03-20 09:37:33,100,174631.0,600519.0,1358407.0,1353762.0,706798.0,6.0,B,1974849.0,20230320093731.0,1746.31
2023-03-20 09:37:34,100,174502.0,600519.0,1355489.0,1360431.0,708147.0,6.0,S,1978066.0,20230320093734.0,1745.02
2023-03-20 09:37:35,600,1047039.0,600519.0,1362013.0,1359853.0,709082.0,6.0,B,1980413.0,20230320093734.0,1745.065
2023-03-20 09:37:36,100,174630.0,600519.0,1362703.0,1362240.0,709485.0,6.0,B,1981435.0,20230320093734.0,1746.3
2023-03-20 09:37:37,400,698287.0,600519.0,1351009.0,1365558.0,711260.0,6.0,S,1985959.0,20230320093734.0,1745.7175
2023-03-20 09:37:40,200,349000.0,600519.0,1369170.0,1369363.0,713414.0,6.0,S,1991824.0,20230320093737.0,1745.0
2023-03-20 09:37:41,2600,4536948.0,600519.0,1371084.0,1371035.0,714384.0,6.0,B,1994468.0,20230320093740.0,1744.98
2023-03-20 09:37:43,300,523504.0,600519.0,1374696.0,1368051.0,716511.0,6.0,B,1999991.0,20230320093740.0,1745.0133333333333
2023-03-20 09:37:46,400,697676.0,600519.0,1370802.0,1379793.0,719682.0,6.0,S,2008049.0,20230320093746.0,1744.19
2023-03-20 09:37:48,100,174394.0,600519.0,1381304.0,1379312.0,720553.0,6.0,B,2010287.0,20230320093746.0,1743.94
2023-03-20 09:37:49,500,872409.0,600519.0,1383148.0,1383579.0,722056.0,6.0,S,2013939.0,20230320093746.0,1744.818
2023-03-20 09:37:50,200,349000.0,600519.0,1383148.0,1384297.0,722467.0,6.0,S,2015012.0,20230320093749.0,1745.0
2023-03-20 09:37:51,500,872630.0,600519.0,1383148.0,1387401.0,724578.0,6.0,S,2019968.0,20230320093749.0,1745.26
2023-03-20 09:37:53,100,174500.0,600519.0,1383148.0,1389997.0,726284.0,6.0,S,2024064.0,20230320093752.0,1745.0
2023-03-20 09:37:54,700,1221500.0,600519.0,1383148.0,1391380.0,727252.0,6.0,S,2026258.0,20230320093752.0,1745.0
2023-03-20 09:37:55,800,1396000.0,600519.0,1384245.0,1394243.0,728793.0,6.0,S,2030410.0,20230320093755.0,1745.0
2023-03-20 09:37:56,700,1220861.0,600519.0,1395902.0,1394823.0,729758.0,6.0,B,2032992.0,20230320093755.0,1744.087142857143
2023-03-20 09:37:57,200,348776.0,600519.0,1397816.0,1394823.0,730887.0,6.0,B,2035964.0,20230320093755.0,1743.88
2023-03-20 09:37:58,400,697858.0,600519.0,1400008.0,1395472.0,732313.0,6.0,B,2039390.0,20230320093758.0,1744.645
2023-03-20 09:37:59,300,523700.0,600519.0,1400634.0,1394595.0,732722.0,6.0,B,2040390.0,20230320093758.0,1745.6666666666667
2023-03-20 09:38:00,2700,4710608.0,600519.0,1402416.0,1403541.0,734332.0,6.0,S,2044790.0,20230320093758.0,1744.6696296296295
2023-03-20 09:38:01,300,523395.0,600519.0,1404689.0,1405066.0,735409.0,6.0,S,2047304.0,20230320093758.0,1744.65
2023-03-20 09:38:02,100,174394.0,600519.0,1405636.0,1406041.0,735925.0,6.0,S,2048643.0,20230320093801.0,1743.94
2023-03-20 09:38:03,100,174493.0,600519.0,1407274.0,1406321.0,736731.0,6.0,B,2050478.0,20230320093801.0,1744.93
2023-03-20 09:38:04,800,1395227.0,600519.0,1410733.0,1406321.0,738939.0,6.0,B,2055920.0,20230320093804.0,1744.03375
2023-03-20 09:38:05,3000,5230517.0,600519.0,665055.0,1411993.0,739713.0,6.0,S,2057916.0,20230320093804.0,1743.5056666666667
2023-03-20 09:38:06,100,174358.0,600519.0,1412709.0,1413331.0,740622.0,6.0,S,2060023.0,20230320093804.0,1743.58
2023-03-20 09:38:07,100,174349.0,600519.0,665055.0,1416494.0,742742.0,6.0,S,2065064.0,20230320093807.0,1743.49
2023-03-20 09:38:08,100,174349.0,600519.0,1416668.0,1416495.0,742869.0,6.0,B,2065332.0,20230320093807.0,1743.49
2023-03-20 09:38:10,100,174349.0,600519.0,1421757.0,1416497.0,746098.0,6.0,B,2073267.0,20230320093807.0,1743.49
2023-03-20 09:38:11,100,174400.0,600519.0,1421757.0,1422464.0,746590.0,6.0,S,2074405.0,20230320093810.0,1744.0
2023-03-20 09:38:12,2900,5057639.0,600519.0,1424648.0,1425089.0,748245.0,6.0,S,2078573.0,20230320093810.0,1744.0134482758622
2023-03-20 09:38:13,1200,2091745.0,600519.0,1427724.0,1425089.0,749906.0,6.0,B,2082746.0,20230320093813.0,1743.1208333333334
2023-03-20 09:38:14,100,174350.0,600519.0,1428816.0,1425089.0,750517.0,6.0,B,2084386.0,20230320093813.0,1743.5
2023-03-20 09:38:15,100,174350.0,600519.0,1430031.0,1425089.0,751133.0,6.0,B,2086183.0,20230320093813.0,1743.5
2023-03-20 09:38:16,100,174311.0,600519.0,1432008.0,1432655.0,752570.0,6.0,S,2090191.0,20230320093813.0,1743.11
2023-03-20 09:38:19,200,348611.0,600519.0,1427734.0,1438167.0,756432.0,6.0,S,2099282.0,20230320093819.0,1743.055
2023-03-20 09:38:20,700,1220450.0,600519.0,1438794.0,1425089.0,756779.0,6.0,B,2100197.0,20230320093819.0,1743.5
2023-03-20 09:38:23,600,1045950.0,600519.0,1443271.0,1444309.0,759947.0,6.0,S,2108545.0,20230320093822.0,1743.25
2023-03-20 09:38:24,200,348700.0,600519.0,1445118.0,1445565.0,760890.0,6.0,S,2110664.0,20230320093822.0,1743.5
2023-03-20 09:38:25,200,348698.0,600519.0,1447079.0,1445912.0,761873.0,6.0,B,2113118.0,20230320093822.0,1743.49
2023-03-20 09:38:26,100,174301.0,600519.0,1447956.0,1448644.0,762769.0,6.0,S,2115497.0,20230320093825.0,1743.01
2023-03-20 09:38:27,200,348698.0,600519.0,1450407.0,1445912.0,763833.0,6.0,B,2118305.0,20230320093825.0,1743.49
2023-03-20 09:38:28,100,174349.0,600519.0,1452127.0,1445912.0,764926.0,6.0,B,2120997.0,20230320093828.0,1743.49
2023-03-20 09:38:30,300,523135.0,600519.0,1455258.0,1452047.0,766795.0,6.0,B,2125781.0,20230320093828.0,1743.7833333333333
2023-03-20 09:38:32,200,348918.0,600519.0,1455258.0,1457850.0,768198.0,6.0,S,2129714.0,20230320093831.0,1744.59
2023-03-20 09:38:34,100,174459.0,600519.0,1455258.0,1461567.0,770388.0,6.0,S,2135442.0,20230320093834.0,1744.59
2023-03-20 09:38:35,100,174349.0,600519.0,1457885.0,1462022.0,770674.0,6.0,S,2136131.0,20230320093834.0,1743.49
2023-03-20 09:38:37,300,523500.0,600519.0,1465052.0,1457640.0,772336.0,6.0,B,2140810.0,20230320093834.0,1745.0
2023-03-20 09:38:39,700,1221250.0,600519.0,1468691.0,1469822.0,775224.0,6.0,S,2148015.0,20230320093837.0,1744.642857142857
2023-03-20 09:38:40,700,1220447.0,600519.0,1471710.0,1471187.0,776199.0,6.0,B,2150823.0,20230320093840.0,1743.4957142857143
2023-03-20 09:38:41,500,871745.0,600519.0,1472617.0,1472882.0,776870.0,6.0,S,2152630.0,20230320093840.0,1743.49
2023-03-20 09:38:42,400,697391.0,600519.0,1472577.0,1474273.0,777672.0,6.0,S,2154789.0,20230320093840.0,1743.4775
2023-03-20 09:38:43,800,1394792.0,600519.0,1476342.0,1475275.0,778915.0,6.0,B,2158072.0,20230320093843.0,1743.49
2023-03-20 09:38:44,200,348623.0,600519.0,1467856.0,1476695.0,779133.0,6.0,S,2158682.0,20230320093843.0,1743.115
2023-03-20 09:38:48,400,697396.0,600519.0,1483588.0,1476003.0,783401.0,6.0,B,2169598.0,20230320093846.0,1743.49
2023-03-20 09:38:49,1000,1743360.0,600519.0,1479113.0,1484354.0,783861.0,6.0,S,2170764.0,20230320093846.0,1743.36
2023-03-20 09:38:51,100,174321.0,600519.0,1484907.0,1487253.0,785523.0,6.0,S,2175168.0,20230320093849.0,1743.21
2023-03-20 09:38:53,500,871582.0,600519.0,1479060.0,1491354.0,788069.0,6.0,S,2181579.0,20230320093852.0,1743.164
2023-03-20 09:38:54,900,1568733.0,600519.0,1464484.0,1492121.0,788514.0,6.0,S,2182715.0,20230320093852.0,1743.0366666666666
2023-03-20 09:38:55,300,522913.0,600519.0,1494765.0,1494708.0,790132.0,6.0,B,2186903.0,20230320093855.0,1743.0433333333333
2023-03-20 09:38:56,1700,2963121.0,600519.0,1496192.0,1491430.0,791064.0,6.0,B,2189161.0,20230320093855.0,1743.0123529411765
2023-03-20 09:38:58,100,174321.0,600519.0,1497935.0,1491430.0,792063.0,6.0,B,2191839.0,20230320093855.0,1743.21
2023-03-20 09:38:59,400,697276.0,600519.0,1500170.0,1499835.0,793427.0,6.0,B,2195286.0,20230320093858.0,1743.19
2023-03-20 09:39:00,500,871594.0,600519.0,1500803.0,1496434.0,793696.0,6.0,B,2196193.0,20230320093858.0,1743.188
2023-03-20 09:39:02,600,1045963.0,600519.0,1504976.0,1488888.0,795976.0,6.0,B,2202515.0,20230320093901.0,1743.2716666666668
2023-03-20 09:39:03,300,522900.0,600519.0,1494765.0,1507722.0,797504.0,6.0,S,2206632.0,20230320093901.0,1743.0
2023-03-20 09:39:04,5100,8891799.0,600519.0,1509685.0,1510248.0,799077.0,6.0,S,2210429.0,20230320093904.0,1743.49
2023-03-20 09:39:05,300,523225.0,600519.0,1511194.0,1512228.0,800414.0,6.0,S,2213512.0,20230320093904.0,1744.0833333333333
2023-03-20 09:39:06,432,753389.0,600519.0,1513915.0,1472130.0,801474.0,6.0,B,2216247.0,20230320093904.0,1743.9560185185185
2023-03-20 09:39:07,900,1569947.68,600519.0,1509687.0,1516767.0,803245.0,6.0,S,2220777.0,20230320093904.0,1744.3863111111111
2023-03-20 09:39:09,700,1220598.0,600519.0,1520159.0,1517790.0,805125.0,6.0,B,2225856.0,20230320093907.0,1743.7114285714285
2023-03-20 09:39:10,100,174350.0,600519.0,1521042.0,1521555.0,805905.0,6.0,S,2228079.0,20230320093907.0,1743.5
2023-03-20 09:39:11,300,523500.0,600519.0,1521807.0,1523115.0,806791.0,6.0,S,2230525.0,20230320093910.0,1745.0
2023-03-20 09:39:15,300,523503.0,600519.0,1526438.0,1531591.0,811932.0,6.0,S,2243853.0,20230320093913.0,1745.01
2023-03-20 09:39:17,100,174600.0,600519.0,1533463.0,1404466.0,812811.0,6.0,B,2246721.0,20230320093916.0,1746.0
2023-03-20 09:39:18,200,349101.0,600519.0,1528590.0,1536475.0,814340.0,6.0,S,2251299.0,20230320093916.0,1745.505
2023-03-20 09:39:21,300,523800.0,600519.0,1540885.0,1529680.0,816845.0,6.0,B,2258263.0,20230320093919.0,1746.0
2023-03-20 09:39:22,200,349198.0,600519.0,1542002.0,1541283.0,817465.0,6.0,B,2259967.0,20230320093919.0,1745.99
2023-03-20 09:39:28,100,174502.0,600519.0,1543938.0,1551512.0,822828.0,6.0,S,2274526.0,20230320093925.0,1745.02
2023-03-20 09:39:32,200,349106.0,600519.0,1555353.0,1558832.0,827175.0,6.0,S,2285665.0,20230320093931.0,1745.53
2023-03-20 09:39:34,200,349102.0,600519.0,1561945.0,1562032.0,829119.0,6.0,S,2290606.0,20230320093931.0,1745.51
2023-03-20 09:39:35,300,523692.0,600519.0,1563405.0,1558372.0,829965.0,6.0,B,2292794.0,20230320093934.0,1745.64
2023-03-20 09:39:41,100,174594.0,600519.0,1572840.0,1563774.0,835416.0,6.0,B,2307237.0,20230320093940.0,1745.94
2023-03-20 09:39:44,168,293165.04,600519.0,1577292.0,1577108.0,838369.0,6.0,B,2314545.0,20230320093943.0,1745.03
2023-03-20 09:39:45,200,349100.0,600519.0,1577292.0,1579608.0,839701.0,6.0,S,2318114.0,20230320093943.0,1745.5
2023-03-20 09:39:46,100,174550.0,600519.0,1577292.0,1580524.0,840215.0,6.0,S,2319393.0,20230320093943.0,1745.5
2023-03-20 09:39:49,100,174550.0,600519.0,1577292.0,1585923.0,843882.0,6.0,S,2328029.0,20230320093946.0,1745.5
2023-03-20 09:39:51,500,872970.0,600519.0,1589471.0,1572051.0,846154.0,6.0,B,2333535.0,20230320093949.0,1745.94
2023-03-20 09:39:54,400,698200.0,600519.0,1577292.0,1594092.0,849175.0,6.0,S,2340899.0,20230320093952.0,1745.5
2023-03-20 09:39:55,832,1452057.0,600519.0,1544041.0,1596264.0,850489.0,6.0,S,2344244.0,20230320093955.0,1745.2608173076924
2023-03-20 09:39:56,300,523489.0,600519.0,1553765.0,1597118.0,851162.0,6.0,S,2345727.0,20230320093955.0,1744.9633333333334
2023-03-20 09:39:57,300,523751.08,600519.0,1598281.0,1572051.0,852079.0,6.0,B,2347741.0,20230320093955.0,1745.8369333333335
2023-03-20 09:39:58,100,174489.0,600519.0,1553765.0,1600822.0,853622.0,6.0,S,2351744.0,20230320093955.0,1744.89
2023-03-20 09:39:59,100,174400.0,600519.0,1601395.0,1600822.0,853891.0,6.0,B,2352563.0,20230320093958.0,1744.0
2023-03-20 09:40:00,100,174400.0,600519.0,1602947.0,1600822.0,854995.0,6.0,B,2355035.0,20230320093958.0,1744.0
2023-03-20 09:40:02,1000,1744000.0,600519.0,1606770.0,1600822.0,857146.0,6.0,B,2360789.0,20230320094001.0,1744.0
2023-03-20 09:40:04,100,174405.0,600519.0,1611806.0,1608405.0,860228.0,6.0,B,2368712.0,20230320094001.0,1744.05
2023-03-20 09:40:05,700,1221657.0,600519.0,1613102.0,1599433.0,861068.0,6.0,B,2370700.0,20230320094004.0,1745.2242857142858
2023-03-20 09:40:06,100,174550.0,600519.0,1615935.0,1599433.0,863067.0,6.0,B,2375490.0,20230320094004.0,1745.5
2023-03-20 09:40:07,1300,2267531.0,600519.0,1613103.0,1617872.0,865509.0,6.0,S,2379768.0,20230320094007.0,1744.2546153846154
2023-03-20 09:40:10,1000,1745318.0,600519.0,1623568.0,1604921.0,871198.0,6.0,B,2390975.0,20230320094010.0,1745.318
2023-03-20 09:40:11,200,349100.0,600519.0,1624040.0,1623388.0,871509.0,6.0,B,2391767.0,20230320094010.0,1745.5
2023-03-20 09:40:12,500,872721.0,600519.0,1622269.0,1626250.0,872832.0,6.0,S,2395262.0,20230320094010.0,1745.442
2023-03-20 09:40:14,200,348962.0,600519.0,1630911.0,1630714.0,875776.0,6.0,B,2402605.0,20230320094013.0,1744.81
2023-03-20 09:40:15,368,642424.9199999999,600519.0,1633413.0,1596719.0,877285.0,6.0,B,2406818.0,20230320094013.0,1745.7198913043476
2023-03-20 09:40:16,300,523664.08,600519.0,1633591.0,1634973.0,878331.0,6.0,S,2409393.0,20230320094013.0,1745.5469333333333
2023-03-20 09:40:17,332,579555.0,600519.0,1634765.0,1637186.0,879609.0,6.0,S,2412848.0,20230320094016.0,1745.6475903614457
2023-03-20 09:40:18,200,348933.0,600519.0,1637476.0,1639018.0,880715.0,6.0,S,2415622.0,20230320094016.0,1744.665
2023-03-20 09:40:19,1400,2442062.0,600519.0,1637476.0,1639596.0,881088.0,6.0,S,2416544.0,20230320094016.0,1744.33
2023-03-20 09:40:20,900,1569897.0,600519.0,1642141.0,1639596.0,882664.0,6.0,B,2420783.0,20230320094019.0,1744.33
2023-03-20 09:40:21,400,697718.0,600519.0,1643501.0,1639596.0,883411.0,6.0,B,2422831.0,20230320094019.0,1744.295
2023-03-20 09:40:22,400,697654.0,600519.0,1645404.0,1639596.0,884483.0,6.0,B,2425764.0,20230320094019.0,1744.135
2023-03-20 09:40:23,2100,3663093.0,600519.0,1647129.0,1639596.0,885473.0,6.0,B,2428508.0,20230320094022.0,1744.33
2023-03-20 09:40:24,300,523299.0,600519.0,1647818.0,1639596.0,885830.0,6.0,B,2429534.0,20230320094022.0,1744.33
2023-03-20 09:40:25,468,816894.0,600519.0,1651514.0,1641050.0,888150.0,6.0,B,2435486.0,20230320094025.0,1745.5
2023-03-20 09:40:28,132,230406.0,600519.0,1651514.0,1655671.0,890427.0,6.0,S,2441616.0,20230320094025.0,1745.5
2023-03-20 09:40:29,400,697749.0,600519.0,1649863.0,1659034.0,892401.0,6.0,S,2446875.0,20230320094028.0,1744.3725
2023-03-20 09:40:32,700,1220945.0,600519.0,1634087.0,1664391.0,895901.0,6.0,S,2455684.0,20230320094031.0,1744.2071428571428
2023-03-20 09:40:36,300,523300.0,600519.0,1669312.0,1670097.0,898904.0,6.0,S,2464548.0,20230320094034.0,1744.3333333333333
2023-03-20 09:40:37,1100,1918635.0,600519.0,1672250.0,1666139.0,900271.0,6.0,B,2467932.0,20230320094034.0,1744.2136363636364
2023-03-20 09:40:38,200,348922.0,600519.0,1673449.0,1670445.0,901079.0,6.0,B,2469897.0,20230320094037.0,1744.61
2023-03-20 09:40:39,100,174461.0,600519.0,1673449.0,1674541.0,901631.0,6.0,S,2471537.0,20230320094037.0,1744.61
2023-03-20 09:40:40,100,174466.0,600519.0,1675481.0,1676653.0,902833.0,6.0,S,2474860.0,20230320094037.0,1744.66
2023-03-20 09:40:41,200,348905.0,600519.0,1641944.0,1677892.0,903633.0,6.0,S,2476760.0,20230320094040.0,1744.525
2023-03-20 09:40:44,100,174518.0,600519.0,1682821.0,1678473.0,906531.0,6.0,B,2484427.0,20230320094043.0,1745.18
2023-03-20 09:40:45,100,174461.0,600519.0,1678434.0,1685364.0,908022.0,6.0,S,2488340.0,20230320094043.0,1744.61
2023-03-20 09:40:50,400,697803.0,600519.0,1679723.0,1692503.0,912935.0,6.0,S,2500115.0,20230320094049.0,1744.5075
2023-03-20 09:40:52,100,174405.0,600519.0,1641944.0,1696145.0,915528.0,6.0,S,2506086.0,20230320094049.0,1744.05
2023-03-20 09:40:53,100,174460.0,600519.0,1697871.0,1696802.0,916478.0,6.0,B,2508836.0,20230320094052.0,1744.6
2023-03-20 09:40:55,100,174460.0,600519.0,1701033.0,1696802.0,918192.0,6.0,B,2513536.0,20230320094052.0,1744.6
2023-03-20 09:40:58,300,523366.0,600519.0,1705857.0,1691386.0,921172.0,6.0,B,2521239.0,20230320094055.0,1744.5533333333333
2023-03-20 09:40:59,900,1569701.0,600519.0,1629218.0,1707816.0,922452.0,6.0,S,2524402.0,20230320094058.0,1744.1122222222223
2023-03-20 09:41:00,500,872286.0,600519.0,1710263.0,1708068.0,923955.0,6.0,B,2528232.0,20230320094058.0,1744.572
2023-03-20 09:41:03,300,523377.0,600519.0,1714497.0,1708068.0,926743.0,6.0,B,2534906.0,20230320094101.0,1744.59
2023-03-20 09:41:04,100,174459.0,600519.0,1718399.0,1708068.0,929251.0,6.0,B,2541050.0,20230320094104.0,1744.59
2023-03-20 09:41:05,2100,3662661.0,600519.0,1720023.0,1715907.0,930217.0,6.0,B,2543790.0,20230320094104.0,1744.1242857142856
2023-03-20 09:41:07,4700,8196805.0,600519.0,1724849.0,1722882.0,933288.0,6.0,B,2551391.0,20230320094107.0,1744.0010638297872
2023-03-20 09:41:08,9500,16568000.0,600519.0,1726068.0,1724543.0,934047.0,6.0,B,2553252.0,20230320094107.0,1744.0
2023-03-20 09:41:10,100,174545.0,600519.0,1731500.0,1676083.0,937539.0,6.0,B,2561750.0,20230320094110.0,1745.45
2023-03-20 09:41:11,600,1046943.0,600519.0,1732870.0,1733274.0,938689.0,6.0,S,2564682.0,20230320094110.0,1744.905
2023-03-20 09:41:12,1100,1919046.0,600519.0,1728416.0,1734717.0,939575.0,6.0,S,2567000.0,20230320094110.0,1744.5872727272726
2023-03-20 09:41:13,700,1220800.0,600519.0,1736545.0,1734717.0,940620.0,6.0,B,2569877.0,20230320094113.0,1744.0
2023-03-20 09:41:14,700,1220800.0,600519.0,1736882.0,1734717.0,940918.0,6.0,B,2570521.0,20230320094113.0,1744.0
2023-03-20 09:41:16,1000,1744468.0,600519.0,1741164.0,1739323.0,943374.0,6.0,B,2577134.0,20230320094116.0,1744.468
2023-03-20 09:41:17,100,174354.0,600519.0,1741377.0,1742813.0,944290.0,6.0,S,2579662.0,20230320094116.0,1743.54
2023-03-20 09:41:18,300,523060.0,600519.0,1725449.0,1744223.0,945105.0,6.0,S,2581792.0,20230320094116.0,1743.5333333333333
2023-03-20 09:41:19,800,1394937.0,600519.0,1736541.0,1746118.0,946195.0,6.0,S,2584633.0,20230320094116.0,1743.67125
2023-03-20 09:41:20,300,523058.0,600519.0,1724398.0,1746749.0,946475.0,6.0,S,2585623.0,20230320094119.0,1743.5266666666666
2023-03-20 09:41:22,200,348704.0,600519.0,1750992.0,1750041.0,948748.0,6.0,B,2592235.0,20230320094122.0,1743.52
2023-03-20 09:41:23,500,871755.0,600519.0,1571478.0,1752687.0,949786.0,6.0,S,2594877.0,20230320094122.0,1743.51
2023-03-20 09:41:26,1100,1917783.0,600519.0,1709735.0,1756917.0,952320.0,6.0,S,2601608.0,20230320094125.0,1743.439090909091
2023-03-20 09:41:27,300,523051.0,600519.0,1757102.0,1758753.0,953226.0,6.0,S,2604377.0,20230320094125.0,1743.5033333333333
2023-03-20 09:41:28,400,697235.0,600519.0,1494765.0,1760083.0,954091.0,6.0,S,2606514.0,20230320094125.0,1743.0875
2023-03-20 09:41:29,200,348706.0,600519.0,1761391.0,1757609.0,954736.0,6.0,B,2608416.0,20230320094128.0,1743.53
2023-03-20 09:41:30,300,523296.0,600519.0,1763612.0,1762438.0,956026.0,6.0,B,2611950.0,20230320094128.0,1744.32
2023-03-20 09:41:31,100,174354.0,600519.0,1763966.0,1764642.0,956573.0,6.0,S,2613438.0,20230320094128.0,1743.54
2023-03-20 09:41:32,200,348708.0,600519.0,1763966.0,1766770.0,957782.0,6.0,S,2616680.0,20230320094131.0,1743.54
2023-03-20 09:41:33,400,697416.0,600519.0,1765819.0,1768686.0,958834.0,6.0,S,2619724.0,20230320094131.0,1743.54
2023-03-20 09:41:35,400,697357.0,600519.0,1771759.0,1770855.0,960625.0,6.0,B,2624539.0,20230320094134.0,1743.3925
2023-03-20 09:41:36,200,348706.0,600519.0,1771949.0,1772985.0,961361.0,6.0,S,2626455.0,20230320094134.0,1743.53
2023-03-20 09:41:38,100,174352.0,600519.0,1775977.0,1773509.0,962959.0,6.0,B,2630998.0,20230320094137.0,1743.52
2023-03-20 09:41:40,900,1569568.0,600519.0,1778623.0,1762438.0,964212.0,6.0,B,2634859.0,20230320094137.0,1743.9644444444446
2023-03-20 09:41:41,200,348900.0,600519.0,1780200.0,1762438.0,965082.0,6.0,B,2637294.0,20230320094140.0,1744.5
2023-03-20 09:41:42,100,174352.0,600519.0,1781301.0,1781419.0,965859.0,6.0,S,2639209.0,20230320094140.0,1743.52
2023-03-20 09:41:46,100,174330.0,600519.0,1786023.0,1783124.0,968303.0,6.0,B,2646281.0,20230320094143.0,1743.3
2023-03-20 09:41:47,400,697290.0,600519.0,1584336.0,1787304.0,968928.0,6.0,S,2648175.0,20230320094146.0,1743.225
2023-03-20 09:41:49,100,174285.0,600519.0,1781180.0,1790705.0,970952.0,6.0,S,2653418.0,20230320094146.0,1742.85
2023-03-20 09:41:50,100,174330.0,600519.0,1792573.0,1787180.0,972107.0,6.0,B,2656352.0,20230320094149.0,1743.3
2023-03-20 09:41:52,200,348630.0,600519.0,1795753.0,1795227.0,973938.0,6.0,B,2661434.0,20230320094149.0,1743.15
2023-03-20 09:41:54,200,348660.0,600519.0,1795753.0,1798328.0,975340.0,6.0,S,2665334.0,20230320094152.0,1743.3
2023-03-20 09:41:57,200,348683.0,600519.0,1796121.0,1802689.0,977858.0,6.0,S,2672038.0,20230320094155.0,1743.415
2023-03-20 09:41:59,200,348660.0,600519.0,1805377.0,1805434.0,979497.0,6.0,S,2676371.0,20230320094158.0,1743.3
2023-03-20 09:42:01,400,697622.0,600519.0,1805937.0,1809695.0,981967.0,6.0,S,2682709.0,20230320094201.0,1744.055
2023-03-20 09:42:03,100,174353.0,600519.0,1807726.0,1812832.0,983714.0,6.0,S,2687429.0,20230320094201.0,1743.53
2023-03-20 09:42:04,100,174322.0,600519.0,1809269.0,1813381.0,983997.0,6.0,S,2688233.0,20230320094201.0,1743.22
2023-03-20 09:42:05,1000,1744061.0,600519.0,1816294.0,1805033.0,985949.0,6.0,B,2692970.0,20230320094204.0,1744.061
2023-03-20 09:42:07,200,348446.0,600519.0,1771476.0,1818852.0,987496.0,6.0,S,2697025.0,20230320094204.0,1742.23
2023-03-20 09:42:08,200,348425.0,600519.0,1729802.0,1820256.0,988311.0,6.0,S,2699184.0,20230320094207.0,1742.125
2023-03-20 09:42:10,200,348657.0,600519.0,1824297.0,1823993.0,990653.0,6.0,B,2705355.0,20230320094207.0,1743.285
2023-03-20 09:42:12,200,348411.0,600519.0,1790480.0,1826413.0,991802.0,6.0,S,2708657.0,20230320094210.0,1742.055
2023-03-20 09:42:13,500,871441.0,600519.0,656162.0,1828289.0,992827.0,6.0,S,2711495.0,20230320094210.0,1742.882
2023-03-20 09:42:15,3400,5922869.0,600519.0,1788717.0,1830616.0,994167.0,6.0,S,2714979.0,20230320094213.0,1742.0202941176472
2023-03-20 09:42:16,300,522600.0,600519.0,1833363.0,1830616.0,995714.0,6.0,B,2719222.0,20230320094216.0,1742.0
2023-03-20 09:42:17,200,348380.0,600519.0,1834402.0,1830616.0,996353.0,6.0,B,2720745.0,20230320094216.0,1741.9
2023-03-20 09:42:19,100,174180.0,600519.0,1821122.0,1837642.0,998275.0,6.0,S,2725810.0,20230320094219.0,1741.8
2023-03-20 09:42:20,200,348400.0,600519.0,1839003.0,1830616.0,999118.0,6.0,B,2727975.0,20230320094219.0,1742.0
2023-03-20 09:42:22,100,174178.0,600519.0,1155011.0,1841074.0,1000390.0,6.0,S,2731034.0,20230320094219.0,1741.78
2023-03-20 09:42:25,1300,2264472.0,600519.0,1847385.0,1830616.0,1004053.0,6.0,B,2740850.0,20230320094225.0,1741.9015384615384
2023-03-20 09:42:26,100,174200.0,600519.0,1847825.0,1830616.0,1004305.0,6.0,B,2741524.0,20230320094225.0,1742.0
2023-03-20 09:42:27,400,696615.0,600519.0,725638.0,1850370.0,1005826.0,6.0,S,2745349.0,20230320094225.0,1741.5375
2023-03-20 09:42:28,1300,2263884.0,600519.0,1852341.0,1849139.0,1007101.0,6.0,B,2748358.0,20230320094225.0,1741.4492307692308
2023-03-20 09:42:29,100,174142.0,600519.0,725638.0,1853449.0,1007719.0,6.0,S,2750122.0,20230320094228.0,1741.42
2023-03-20 09:42:30,100,174180.0,600519.0,1855385.0,1849139.0,1008768.0,6.0,B,2753056.0,20230320094228.0,1741.8
2023-03-20 09:42:32,2200,3831124.0,600519.0,725638.0,1858379.0,1010637.0,6.0,S,2757898.0,20230320094231.0,1741.42
2023-03-20 09:42:33,1600,2786386.0,600519.0,1847639.0,1859960.0,1011551.0,6.0,S,2760321.0,20230320094231.0,1741.49125
2023-03-20 09:42:34,1000,1741278.0,600519.0,1860643.0,1860859.0,1012163.0,6.0,S,2761775.0,20230320094231.0,1741.278
2023-03-20 09:42:35,1000,1741960.0,600519.0,1862674.0,1839051.0,1013178.0,6.0,B,2764581.0,20230320094234.0,1741.96
2023-03-20 09:42:37,200,348360.0,600519.0,1862669.0,1865097.0,1014555.0,6.0,S,2768407.0,20230320094234.0,1741.8
2023-03-20 09:42:38,400,696682.0,600519.0,1866232.0,1865132.0,1015321.0,6.0,B,2770260.0,20230320094237.0,1741.705
2023-03-20 09:42:39,2200,3830487.0,600519.0,1010307.0,1867783.0,1016200.0,6.0,S,2772553.0,20230320094237.0,1741.1304545454545
2023-03-20 09:42:40,800,1393580.0,600519.0,1869649.0,1864322.0,1017219.0,6.0,B,2775370.0,20230320094240.0,1741.975
2023-03-20 09:42:41,600,1044823.0,600519.0,1016362.0,1870422.0,1017828.0,6.0,S,2776723.0,20230320094240.0,1741.3716666666667
2023-03-20 09:42:44,100,174180.0,600519.0,1872214.0,1874390.0,1020014.0,6.0,S,2783088.0,20230320094243.0,1741.8
2023-03-20 09:42:45,100,174200.0,600519.0,1874801.0,1875737.0,1020766.0,6.0,S,2785142.0,20230320094243.0,1742.0
2023-03-20 09:42:46,1000,1741320.0,600519.0,1576566.0,1876842.0,1021482.0,6.0,S,2786912.0,20230320094243.0,1741.32
2023-03-20 09:42:47,500,870490.0,600519.0,1570381.0,1878142.0,1022157.0,6.0,S,2788909.0,20230320094246.0,1740.98
2023-03-20 09:42:49,200,348108.0,600519.0,1352479.0,1880498.0,1023498.0,6.0,S,2792630.0,20230320094246.0,1740.54
2023-03-20 09:42:50,100,174100.0,600519.0,1880746.0,1882378.0,1024559.0,6.0,S,2795596.0,20230320094249.0,1741.0
2023-03-20 09:42:51,200,348128.0,600519.0,1883169.0,1882732.0,1024973.0,6.0,B,2796809.0,20230320094249.0,1740.64
2023-03-20 09:42:52,100,174017.0,600519.0,165790.0,1885126.0,1026091.0,6.0,S,2799801.0,20230320094249.0,1740.17
2023-03-20 09:42:53,100,174008.0,600519.0,371226.0,1886487.0,1026844.0,6.0,S,2801890.0,20230320094252.0,1740.08
2023-03-20 09:42:54,200,348198.0,600519.0,1887599.0,1887139.0,1027424.0,6.0,B,2803647.0,20230320094252.0,1740.99
2023-03-20 09:42:55,200,348198.0,600519.0,1889130.0,1887139.0,1028118.0,6.0,B,2805957.0,20230320094255.0,1740.99
2023-03-20 09:42:58,200,348034.0,600519.0,1893080.0,1892990.0,1030350.0,6.0,B,2812055.0,20230320094258.0,1740.17
2023-03-20 09:43:00,100,174020.0,600519.0,1894758.0,1890181.0,1031311.0,6.0,B,2814592.0,20230320094258.0,1740.2
2023-03-20 09:43:01,400,696134.0,600519.0,1891290.0,1896708.0,1032372.0,6.0,S,2817620.0,20230320094258.0,1740.335
2023-03-20 09:43:02,100,174010.0,600519.0,1897554.0,1898207.0,1033127.0,6.0,S,2819976.0,20230320094301.0,1740.1
2023-03-20 09:43:03,100,174017.0,600519.0,1899893.0,1899950.0,1034087.0,6.0,S,2822615.0,20230320094301.0,1740.17
2023-03-20 09:43:04,300,522043.0,600519.0,1901569.0,1900858.0,1034995.0,6.0,B,2825077.0,20230320094304.0,1740.1433333333334
2023-03-20 09:43:05,200,348199.0,600519.0,1903155.0,1887192.0,1035954.0,6.0,B,2827686.0,20230320094304.0,1740.995
2023-03-20 09:43:06,100,174100.0,600519.0,1904258.0,1890460.0,1036545.0,6.0,B,2829439.0,20230320094304.0,1741.0
2023-03-20 09:43:07,300,522266.0,600519.0,1905695.0,1906123.0,1037655.0,6.0,S,2832315.0,20230320094304.0,1740.8866666666668
2023-03-20 09:43:09,100,174030.0,600519.0,1908862.0,1909066.0,1039252.0,6.0,S,2836876.0,20230320094307.0,1740.3
2023-03-20 09:43:10,100,174012.0,600519.0,1905600.0,1909907.0,1039750.0,6.0,S,2838139.0,20230320094307.0,1740.12
2023-03-20 09:43:11,200,348116.0,600519.0,1910686.0,1910740.0,1040218.0,6.0,S,2839463.0,20230320094310.0,1740.58
2023-03-20 09:43:13,100,174015.0,600519.0,1913186.0,1913767.0,1041916.0,6.0,S,2844164.0,20230320094310.0,1740.15
2023-03-20 09:43:14,100,174012.0,600519.0,1906333.0,1915702.0,1043256.0,6.0,S,2847305.0,20230320094313.0,1740.12
2023-03-20 09:43:15,200,348163.0,600519.0,1917488.0,1878151.0,1044307.0,6.0,B,2850076.0,20230320094313.0,1740.815
2023-03-20 09:43:16,300,522036.0,600519.0,1906617.0,1918673.0,1045028.0,6.0,S,2852015.0,20230320094313.0,1740.12
2023-03-20 09:43:17,200,348168.0,600519.0,1919690.0,1919944.0,1045766.0,6.0,S,2854030.0,20230320094316.0,1740.84
2023-03-20 09:43:18,800,1393098.0,600519.0,1922660.0,1889589.0,1047505.0,6.0,B,2858209.0,20230320094316.0,1741.3725
2023-03-20 09:43:19,100,174180.0,600519.0,1922766.0,1924107.0,1048323.0,6.0,S,2860578.0,20230320094319.0,1741.8
2023-03-20 09:43:21,300,522918.0,600519.0,1922767.0,1927059.0,1049884.0,6.0,S,2865131.0,20230320094319.0,1743.06
2023-03-20 09:43:22,200,348740.0,600519.0,1927492.0,1927642.0,1050218.0,6.0,S,2866068.0,20230320094319.0,1743.7
2023-03-20 09:43:23,300,522533.0,600519.0,1927031.0,1928647.0,1050798.0,6.0,S,2867670.0,20230320094322.0,1741.7766666666666
2023-03-20 09:43:25,200,348314.0,600519.0,1927433.0,1931384.0,1052417.0,6.0,S,2872152.0,20230320094322.0,1741.57
2023-03-20 09:43:27,100,174367.0,600519.0,1934311.0,1933119.0,1054087.0,6.0,B,2876897.0,20230320094325.0,1743.67
2023-03-20 09:43:29,100,174325.0,600519.0,1936294.0,1935225.0,1055189.0,6.0,B,2880109.0,20230320094328.0,1743.25
2023-03-20 09:43:30,200,348333.0,600519.0,1935973.0,1938628.0,1056437.0,6.0,S,2883781.0,20230320094328.0,1741.665
2023-03-20 09:43:32,100,174367.0,600519.0,1940775.0,1936834.0,1057457.0,6.0,B,2887141.0,20230320094331.0,1743.67
2023-03-20 09:43:33,100,174367.0,600519.0,1941680.0,1941879.0,1058092.0,6.0,S,2888868.0,20230320094331.0,1743.67
2023-03-20 09:43:39,1500,2612060.0,600519.0,1949730.0,1948980.0,1062615.0,6.0,B,2901338.0,20230320094337.0,1741.3733333333332
2023-03-20 09:43:40,100,174100.0,600519.0,1951204.0,1948980.0,1063360.0,6.0,B,2903578.0,20230320094340.0,1741.0
2023-03-20 09:43:41,200,348200.0,600519.0,1951283.0,1948980.0,1063393.0,6.0,B,2903691.0,20230320094340.0,1741.0
2023-03-20 09:43:43,300,522251.0,600519.0,1949899.0,1954989.0,1065637.0,6.0,S,2909651.0,20230320094343.0,1740.8366666666666
2023-03-20 09:43:48,400,696514.0,600519.0,1961049.0,1956342.0,1069166.0,6.0,B,2919314.0,20230320094346.0,1741.285
2023-03-20 09:43:49,100,174206.0,600519.0,1961049.0,1961737.0,1069537.0,6.0,S,2920361.0,20230320094346.0,1742.06
2023-03-20 09:43:50,100,174206.0,600519.0,1961049.0,1963519.0,1070676.0,6.0,S,2923237.0,20230320094349.0,1742.06
2023-03-20 09:43:51,100,174206.0,600519.0,1965444.0,1965260.0,1071728.0,6.0,B,2926113.0,20230320094349.0,1742.06
2023-03-20 09:43:52,200,348452.0,600519.0,1966312.0,1966393.0,1072230.0,6.0,S,2927587.0,20230320094349.0,1742.26
2023-03-20 09:43:53,100,174300.0,600519.0,1968071.0,1953725.0,1073112.0,6.0,B,2930236.0,20230320094352.0,1743.0
2023-03-20 09:43:58,100,174299.0,600519.0,1974033.0,1971536.0,1076452.0,6.0,B,2939475.0,20230320094355.0,1742.99
2023-03-20 09:44:01,300,522876.0,600519.0,1978672.0,1971536.0,1079317.0,6.0,B,2946937.0,20230320094358.0,1742.92
2023-03-20 09:44:04,200,348570.0,600519.0,1978456.0,1982999.0,1081709.0,6.0,S,2953702.0,20230320094401.0,1742.85
2023-03-20 09:44:05,100,174207.0,600519.0,1965444.0,1984788.0,1082681.0,6.0,S,2956552.0,20230320094404.0,1742.07
2023-03-20 09:44:06,100,174271.0,600519.0,1986139.0,1983001.0,1083479.0,6.0,B,2958722.0,20230320094404.0,1742.71
2023-03-20 09:44:08,100,174278.0,600519.0,1989404.0,1983348.0,1085431.0,6.0,B,2963936.0,20230320094407.0,1742.78
2023-03-20 09:44:09,400,697031.0,600519.0,1990817.0,1983348.0,1086219.0,6.0,B,2966095.0,20230320094407.0,1742.5775
2023-03-20 09:44:10,300,522700.0,600519.0,1976906.0,1992456.0,1087243.0,6.0,S,2968770.0,20230320094407.0,1742.3333333333333
2023-03-20 09:44:12,100,174271.0,600519.0,1995127.0,1990911.0,1088734.0,6.0,B,2972764.0,20230320094410.0,1742.71
2023-03-20 09:44:14,100,174271.0,600519.0,1997048.0,1990987.0,1089978.0,6.0,B,2975813.0,20230320094413.0,1742.71
2023-03-20 09:44:16,200,348400.0,600519.0,1976906.0,2000648.0,1092275.0,6.0,S,2981750.0,20230320094413.0,1742.0
2023-03-20 09:44:18,300,522600.0,600519.0,1976906.0,2003673.0,1094047.0,6.0,S,2986395.0,20230320094416.0,1742.0
2023-03-20 09:44:21,100,174271.0,600519.0,2008170.0,1990987.0,1096708.0,6.0,B,2993145.0,20230320094419.0,1742.71
2023-03-20 09:44:27,900,1568271.0,600519.0,2016422.0,2014233.0,1101533.0,6.0,B,3005947.0,20230320094425.0,1742.5233333333333
2023-03-20 09:44:29,100,174271.0,600519.0,2016422.0,2018084.0,1102430.0,6.0,S,3008387.0,20230320094428.0,1742.71
2023-03-20 09:44:30,300,522813.0,600519.0,2017997.0,2019569.0,1103287.0,6.0,S,3010764.0,20230320094428.0,1742.71
2023-03-20 09:44:31,300,522610.0,600519.0,2008810.0,2021846.0,1104492.0,6.0,S,3014310.0,20230320094431.0,1742.0333333333333
2023-03-20 09:44:35,100,174271.0,600519.0,2025644.0,2019569.0,1106513.0,6.0,B,3020051.0,20230320094434.0,1742.71
2023-03-20 09:44:37,200,348400.0,600519.0,2008810.0,2027718.0,1107739.0,6.0,S,3023361.0,20230320094434.0,1742.0
2023-03-20 09:44:38,200,348541.0,600519.0,2029791.0,2021883.0,1108824.0,6.0,B,3026525.0,20230320094437.0,1742.705
2023-03-20 09:44:41,400,697034.0,600519.0,2033321.0,1983348.0,1110624.0,6.0,B,3032245.0,20230320094440.0,1742.585
2023-03-20 09:44:42,900,1567800.0,600519.0,2034569.0,2034326.0,1111317.0,6.0,B,3034199.0,20230320094440.0,1742.0
2023-03-20 09:44:43,1900,3308098.0,600519.0,2036056.0,2035867.0,1112206.0,6.0,B,3036583.0,20230320094440.0,1741.1042105263157
2023-03-20 09:44:45,400,696400.0,600519.0,2037891.0,2035867.0,1113270.0,6.0,B,3039398.0,20230320094443.0,1741.0
2023-03-20 09:44:46,300,522300.0,600519.0,2039975.0,2035867.0,1114477.0,6.0,B,3042575.0,20230320094446.0,1741.0
2023-03-20 09:44:47,100,174100.0,600519.0,2040547.0,2035867.0,1114785.0,6.0,B,3043448.0,20230320094446.0,1741.0
2023-03-20 09:44:48,800,1393300.0,600519.0,2042430.0,2034388.0,1115918.0,6.0,B,3046478.0,20230320094446.0,1741.625
2023-03-20 09:44:49,100,174062.0,600519.0,2041653.0,2043581.0,1116548.0,6.0,S,3048333.0,20230320094449.0,1740.62
2023-03-20 09:44:51,500,870305.0,600519.0,2045603.0,2045486.0,1117735.0,6.0,B,3051462.0,20230320094449.0,1740.61
2023-03-20 09:44:53,100,174100.0,600519.0,2046284.0,2047575.0,1118820.0,6.0,S,3054621.0,20230320094452.0,1741.0
2023-03-20 09:44:55,800,1392787.0,600519.0,2051059.0,2040967.0,1120893.0,6.0,B,3060130.0,20230320094455.0,1740.98375
2023-03-20 09:44:58,200,348127.0,600519.0,2045651.0,2053639.0,1122586.0,6.0,S,3064277.0,20230320094455.0,1740.635
2023-03-20 09:45:02,900,1567800.0,600519.0,2059820.0,2054551.0,1126501.0,6.0,B,3073970.0,20230320094501.0,1742.0
2023-03-20 09:45:03,200,348480.0,600519.0,2061384.0,2061706.0,1127758.0,6.0,S,3076878.0,20230320094501.0,1742.4
2023-03-20 09:45:05,100,174111.0,600519.0,2064246.0,2065313.0,1130045.0,6.0,S,3082479.0,20230320094504.0,1741.11
2023-03-20 09:45:09,300,522321.0,600519.0,2059402.0,2072939.0,1134976.0,6.0,S,3094658.0,20230320094507.0,1741.07
2023-03-20 09:45:10,200,348180.0,600519.0,2074308.0,2074484.0,1136010.0,6.0,S,3097117.0,20230320094510.0,1740.9
2023-03-20 09:45:11,200,348400.0,600519.0,2075917.0,2065703.0,1137067.0,6.0,B,3099557.0,20230320094510.0,1742.0
2023-03-20 09:45:14,100,174112.0,600519.0,2076804.0,2080576.0,1139764.0,6.0,S,3106992.0,20230320094513.0,1741.12
2023-03-20 09:45:15,100,174100.0,600519.0,2076118.0,2081636.0,1140390.0,6.0,S,3108578.0,20230320094513.0,1741.0
2023-03-20 09:45:17,100,174120.0,600519.0,2084041.0,2085390.0,1142438.0,6.0,S,3114347.0,20230320094516.0,1741.2
2023-03-20 09:45:19,200,348400.0,600519.0,2087858.0,2065703.0,1143775.0,6.0,B,3118054.0,20230320094516.0,1742.0
2023-03-20 09:45:22,200,348310.0,600519.0,2093910.0,2093272.0,1147011.0,6.0,B,3127189.0,20230320094522.0,1741.55
2023-03-20 09:45:23,300,522400.0,600519.0,2090709.0,2094634.0,1147288.0,6.0,S,3128174.0,20230320094522.0,1741.3333333333333
2023-03-20 09:45:24,400,696486.0,600519.0,2097354.0,2065703.0,1148822.0,6.0,B,3132346.0,20230320094522.0,1741.215
2023-03-20 09:45:27,100,174200.0,600519.0,2102103.0,2065703.0,1151960.0,6.0,B,3139900.0,20230320094525.0,1742.0
2023-03-20 09:45:29,100,174110.0,600519.0,2101350.0,2105254.0,1153985.0,6.0,S,3145100.0,20230320094528.0,1741.1
2023-03-20 09:45:30,200,348310.0,600519.0,2102971.0,2106885.0,1154791.0,6.0,S,3147554.0,20230320094528.0,1741.55
2023-03-20 09:45:31,100,174200.0,600519.0,2107850.0,2085877.0,1155467.0,6.0,B,3149069.0,20230320094528.0,1742.0
2023-03-20 09:45:32,100,174110.0,600519.0,2104113.0,2109681.0,1156551.0,6.0,S,3151993.0,20230320094531.0,1741.1
2023-03-20 09:45:33,100,174200.0,600519.0,2110246.0,2096219.0,1156860.0,6.0,B,3152934.0,20230320094531.0,1742.0
2023-03-20 09:45:35,100,174199.0,600519.0,2109789.0,2113915.0,1159282.0,6.0,S,3158940.0,20230320094534.0,1741.99
2023-03-20 09:45:37,100,174199.0,600519.0,2109789.0,2116283.0,1160890.0,6.0,S,3162895.0,20230320094534.0,1741.99
2023-03-20 09:45:40,200,348223.0,600519.0,2119176.0,2120636.0,1163604.0,6.0,S,3169984.0,20230320094537.0,1741.115
2023-03-20 09:45:41,100,174111.0,600519.0,2119176.0,2122310.0,1164731.0,6.0,S,3172729.0,20230320094540.0,1741.11
2023-03-20 09:45:45,200,348222.0,600519.0,2105114.0,2128426.0,1168267.0,6.0,S,3182353.0,20230320094543.0,1741.11
2023-03-20 09:45:47,100,174101.0,600519.0,2108082.0,2131075.0,1169787.0,6.0,S,3186558.0,20230320094546.0,1741.01
2023-03-20 09:45:48,100,174110.0,600519.0,2132564.0,2128667.0,1170611.0,6.0,B,3188982.0,20230320094546.0,1741.1
2023-03-20 09:45:49,100,174110.0,600519.0,2133914.0,2129378.0,1171405.0,6.0,B,3191124.0,20230320094549.0,1741.1
2023-03-20 09:45:50,100,174102.0,600519.0,2131252.0,2135061.0,1171938.0,6.0,S,3192821.0,20230320094549.0,1741.02
2023-03-20 09:45:53,500,870997.0,600519.0,2139191.0,2114163.0,1174215.0,6.0,B,3199162.0,20230320094552.0,1741.994
2023-03-20 09:46:01,100,174190.0,600519.0,2149285.0,2147698.0,1180091.0,6.0,B,3214863.0,20230320094558.0,1741.9
2023-03-20 09:46:02,200,348226.0,600519.0,2150470.0,2150920.0,1180892.0,6.0,S,3217387.0,20230320094601.0,1741.13
2023-03-20 09:46:08,100,174200.0,600519.0,2160799.0,2121647.0,1187064.0,6.0,B,3233232.0,20230320094607.0,1742.0
2023-03-20 09:46:11,400,696660.0,600519.0,2166332.0,2145243.0,1190063.0,6.0,B,3241797.0,20230320094610.0,1741.65
2023-03-20 09:46:14,300,522452.0,600519.0,2168243.0,2170265.0,1192370.0,6.0,S,3247985.0,20230320094613.0,1741.5066666666667
2023-03-20 09:46:15,200,348239.0,600519.0,2164935.0,2170713.0,1192649.0,6.0,S,3248683.0,20230320094613.0,1741.195
2023-03-20 09:46:19,300,522372.0,600519.0,2178183.0,2174765.0,1197221.0,6.0,B,3260781.0,20230320094619.0,1741.24
2023-03-20 09:46:20,200,348224.0,600519.0,2141723.0,2178856.0,1197626.0,6.0,S,3261870.0,20230320094619.0,1741.12
2023-03-20 09:46:24,700,1218879.0,600519.0,2185354.0,2172070.0,1201193.0,6.0,B,3272154.0,20230320094622.0,1741.2557142857142
2023-03-20 09:46:25,100,174200.0,600519.0,2186772.0,2175257.0,1201963.0,6.0,B,3274249.0,20230320094625.0,1742.0
2023-03-20 09:46:27,300,522330.0,600519.0,2152300.0,2188450.0,1202985.0,6.0,S,3277005.0,20230320094625.0,1741.1
2023-03-20 09:46:28,100,174120.0,600519.0,2190838.0,2191087.0,1204453.0,6.0,S,3281155.0,20230320094628.0,1741.2
2023-03-20 09:46:29,100,174200.0,600519.0,2191884.0,2187607.0,1204997.0,6.0,B,3282435.0,20230320094628.0,1742.0
2023-03-20 09:46:32,700,1219518.0,600519.0,2196917.0,2197810.0,1208222.0,6.0,S,3291444.0,20230320094631.0,1742.1685714285713
2023-03-20 09:46:33,200,348330.0,600519.0,2193513.0,2198278.0,1208497.0,6.0,S,3292185.0,20230320094631.0,1741.65
2023-03-20 09:46:37,900,1567198.0,600519.0,2205604.0,2205277.0,1212507.0,6.0,B,3303356.0,20230320094637.0,1741.331111111111
2023-03-20 09:46:38,100,174122.0,600519.0,2205604.0,2205789.0,1212575.0,6.0,S,3303615.0,20230320094637.0,1741.22
2023-03-20 09:46:40,100,174222.0,600519.0,2207509.0,2208930.0,1214371.0,6.0,S,3308671.0,20230320094637.0,1742.22
2023-03-20 09:46:44,200,348224.0,600519.0,2209712.0,2214020.0,1218120.0,6.0,S,3317747.0,20230320094643.0,1741.12
2023-03-20 09:46:46,100,174110.0,600519.0,2192899.0,2217356.0,1220085.0,6.0,S,3323082.0,20230320094643.0,1741.1
2023-03-20 09:46:48,200,348310.0,600519.0,2198476.0,2220632.0,1221750.0,6.0,S,3327973.0,20230320094646.0,1741.55
2023-03-20 09:46:49,200,348220.0,600519.0,2213672.0,2221998.0,1222513.0,6.0,S,3330115.0,20230320094649.0,1741.1
2023-03-20 09:46:50,200,348333.0,600519.0,2223017.0,2218166.0,1223030.0,6.0,B,3331601.0,20230320094649.0,1741.665
2023-03-20 09:46:52,200,348208.0,600519.0,2221304.0,2225127.0,1224041.0,6.0,S,3334731.0,20230320094649.0,1741.04
2023-03-20 09:46:53,100,174200.0,600519.0,2227201.0,2226848.0,1225164.0,6.0,B,3337990.0,20230320094652.0,1742.0
2023-03-20 09:46:55,200,348221.0,600519.0,2225582.0,2229136.0,1226239.0,6.0,S,3341021.0,20230320094652.0,1741.105
2023-03-20 09:46:56,100,174110.0,600519.0,2226719.0,2230272.0,1226949.0,6.0,S,3342866.0,20230320094655.0,1741.1
2023-03-20 09:46:58,200,348310.0,600519.0,2226748.0,2233921.0,1229165.0,6.0,S,3348684.0,20230320094658.0,1741.55
2023-03-20 09:47:01,200,348540.0,600519.0,2238107.0,2114117.0,1231695.0,6.0,B,3355258.0,20230320094701.0,1742.7
2023-03-20 09:47:02,200,348540.0,600519.0,2238483.0,2229428.0,1231894.0,6.0,B,3355872.0,20230320094701.0,1742.7
2023-03-20 09:47:05,200,348204.0,600519.0,2239572.0,2244224.0,1235404.0,6.0,S,3365108.0,20230320094704.0,1741.02
2023-03-20 09:47:06,300,522304.0,600519.0,2245249.0,2244224.0,1236075.0,6.0,B,3366894.0,20230320094704.0,1741.0133333333333
2023-03-20 09:47:08,2700,4700700.0,600519.0,2248866.0,2248709.0,1238379.0,6.0,B,3372376.0,20230320094707.0,1741.0
2023-03-20 09:47:09,300,522304.0,600519.0,2250245.0,2244224.0,1239200.0,6.0,B,3374594.0,20230320094707.0,1741.0133333333333
2023-03-20 09:47:10,500,870475.0,600519.0,2252206.0,2252157.0,1240372.0,6.0,B,3377685.0,20230320094710.0,1740.95
2023-03-20 09:47:11,100,174087.0,600519.0,2095504.0,2252304.0,1240437.0,6.0,S,3377888.0,20230320094710.0,1740.87
2023-03-20 09:47:12,800,1392600.0,600519.0,2058372.0,2254781.0,1241969.0,6.0,S,3381945.0,20230320094710.0,1740.75
2023-03-20 09:47:13,600,1044374.0,600519.0,1978898.0,2256266.0,1242856.0,6.0,S,3384253.0,20230320094713.0,1740.6233333333332
2023-03-20 09:47:14,400,696201.0,600519.0,2257373.0,2256756.0,1243565.0,6.0,B,3386132.0,20230320094713.0,1740.5025
2023-03-20 09:47:15,100,174035.0,600519.0,2173534.0,2257995.0,1244038.0,6.0,S,3387247.0,20230320094713.0,1740.35
2023-03-20 09:47:16,200,348140.0,600519.0,2259839.0,2254592.0,1245018.0,6.0,B,3390199.0,20230320094713.0,1740.7
2023-03-20 09:47:17,300,522087.0,600519.0,2260147.0,2260651.0,1245609.0,6.0,S,3391522.0,20230320094716.0,1740.29
2023-03-20 09:47:19,100,174060.0,600519.0,2261578.0,2264463.0,1247805.0,6.0,S,3397384.0,20230320094719.0,1740.6
2023-03-20 09:47:22,100,174060.0,600519.0,2263544.0,2268577.0,1250152.0,6.0,S,3403879.0,20230320094722.0,1740.6
2023-03-20 09:47:23,100,174080.0,600519.0,2268714.0,2254592.0,1250206.0,6.0,B,3404089.0,20230320094722.0,1740.8
2023-03-20 09:47:24,100,174018.0,600519.0,2268422.0,2271145.0,1251477.0,6.0,S,3407944.0,20230320094722.0,1740.18
2023-03-20 09:47:28,300,522087.0,600519.0,2276780.0,2276942.0,1254901.0,6.0,S,3417073.0,20230320094728.0,1740.29
2023-03-20 09:47:29,200,348018.0,600519.0,2276095.0,2278035.0,1255507.0,6.0,S,3418791.0,20230320094728.0,1740.09
2023-03-20 09:47:31,100,174010.0,600519.0,2280040.0,2277944.0,1256637.0,6.0,B,3422032.0,20230320094728.0,1740.1
2023-03-20 09:47:32,300,522034.0,600519.0,2281257.0,2281115.0,1257403.0,6.0,B,3424003.0,20230320094731.0,1740.1133333333332
2023-03-20 09:47:33,200,348120.0,600519.0,2283164.0,2272723.0,1258555.0,6.0,B,3426913.0,20230320094731.0,1740.6
2023-03-20 09:47:34,100,174018.0,600519.0,2284355.0,2284442.0,1259249.0,6.0,S,3428782.0,20230320094731.0,1740.18
2023-03-20 09:47:37,300,522034.0,600519.0,2284825.0,2287960.0,1261290.0,6.0,S,3433885.0,20230320094734.0,1740.1133333333332
2023-03-20 09:47:38,400,696008.0,600519.0,1307434.0,2290476.0,1262687.0,6.0,S,3437712.0,20230320094737.0,1740.02
2023-03-20 09:47:40,100,174002.0,600519.0,1307434.0,2292436.0,1263915.0,6.0,S,3440936.0,20230320094737.0,1740.02
2023-03-20 09:47:42,300,522003.0,600519.0,108822.0,2296175.0,1266156.0,6.0,S,3446959.0,20230320094740.0,1740.01
2023-03-20 09:47:43,400,696001.0,600519.0,108822.0,2297993.0,1267153.0,6.0,S,3449811.0,20230320094743.0,1740.0025
2023-03-20 09:47:44,100,174002.0,600519.0,2298215.0,2296620.0,1267262.0,6.0,B,3450149.0,20230320094743.0,1740.02
2023-03-20 09:47:45,800,1392000.0,600519.0,108822.0,2300404.0,1268446.0,6.0,S,3453627.0,20230320094743.0,1740.0
2023-03-20 09:47:47,300,522002.0,600519.0,108822.0,2303321.0,1270060.0,6.0,S,3458137.0,20230320094746.0,1740.0066666666667
2023-03-20 09:47:49,1500,2610000.0,600519.0,108822.0,2306226.0,1271651.0,6.0,S,3462512.0,20230320094749.0,1740.0
2023-03-20 09:47:50,400,696004.0,600519.0,108822.0,2306599.0,1272031.0,6.0,S,3463292.0,20230320094749.0,1740.01
2023-03-20 09:47:51,100,174002.0,600519.0,2307668.0,2303577.0,1272626.0,6.0,B,3465007.0,20230320094749.0,1740.02
2023-03-20 09:47:52,200,348004.0,600519.0,2308864.0,2303577.0,1273287.0,6.0,B,3466934.0,20230320094749.0,1740.02
2023-03-20 09:47:53,200,348000.0,600519.0,108822.0,2311045.0,1274401.0,6.0,S,3470240.0,20230320094752.0,1740.0
2023-03-20 09:47:54,300,522000.0,600519.0,108822.0,2312245.0,1275150.0,6.0,S,3472151.0,20230320094752.0,1740.0
2023-03-20 09:47:55,300,522002.0,600519.0,108822.0,2313349.0,1275757.0,6.0,S,3473796.0,20230320094752.0,1740.0066666666667
2023-03-20 09:47:56,1300,2262000.0,600519.0,147614.0,2314429.0,1276430.0,6.0,S,3475495.0,20230320094755.0,1740.0
2023-03-20 09:47:57,1300,2262000.0,600519.0,1533235.0,2316010.0,1277279.0,6.0,S,3477977.0,20230320094755.0,1740.0
2023-03-20 09:47:58,100,174000.0,600519.0,1546539.0,2316726.0,1277676.0,6.0,S,3479127.0,20230320094755.0,1740.0
2023-03-20 09:47:59,200,348000.0,600519.0,1579784.0,2318228.0,1278572.0,6.0,S,3481436.0,20230320094758.0,1740.0
2023-03-20 09:48:00,300,522000.0,600519.0,1655188.0,2320004.0,1279482.0,6.0,S,3484085.0,20230320094758.0,1740.0
2023-03-20 09:48:01,200,348000.0,600519.0,1780252.0,2322664.0,1280828.0,6.0,S,3488034.0,20230320094801.0,1740.0
2023-03-20 09:48:02,2500,4350012.0,600519.0,2323997.0,2324100.0,1281588.0,6.0,S,3490316.0,20230320094801.0,1740.0048
2023-03-20 09:48:03,100,174002.0,600519.0,2323997.0,2324625.0,1281967.0,6.0,S,3491138.0,20230320094801.0,1740.02
2023-03-20 09:48:04,300,522006.0,600519.0,2327033.0,2327312.0,1283570.0,6.0,S,3495189.0,20230320094801.0,1740.02
2023-03-20 09:48:05,200,348002.0,600519.0,2119421.0,2328452.0,1284329.0,6.0,S,3496943.0,20230320094804.0,1740.01
2023-03-20 09:48:06,500,870000.0,600519.0,2263892.0,2329946.0,1285187.0,6.0,S,3499317.0,20230320094804.0,1740.0
2023-03-20 09:48:07,200,348002.0,600519.0,2288753.0,2331952.0,1286508.0,6.0,S,3502753.0,20230320094804.0,1740.01
2023-03-20 09:48:08,100,174001.0,600519.0,2332382.0,2332945.0,1287010.0,6.0,S,3504253.0,20230320094807.0,1740.01
2023-03-20 09:48:09,200,348000.0,600519.0,2289327.0,2334280.0,1287705.0,6.0,S,3506332.0,20230320094807.0,1740.0
2023-03-20 09:48:10,100,174001.0,600519.0,2335614.0,2335630.0,1288561.0,6.0,S,3508509.0,20230320094807.0,1740.01
2023-03-20 09:48:12,100,174005.0,600519.0,2338900.0,2320550.0,1290285.0,6.0,B,3513476.0,20230320094810.0,1740.05
2023-03-20 09:48:13,400,696075.0,600519.0,2340637.0,2289510.0,1291243.0,6.0,B,3515996.0,20230320094813.0,1740.1875
2023-03-20 09:48:15,100,174010.0,600519.0,2340380.0,2342366.0,1292252.0,6.0,S,3518671.0,20230320094813.0,1740.1
2023-03-20 09:48:18,400,696040.0,600519.0,2340380.0,2346358.0,1294650.0,6.0,S,3525100.0,20230320094816.0,1740.1
2023-03-20 09:48:19,100,174010.0,600519.0,2340380.0,2347358.0,1295286.0,6.0,S,3526775.0,20230320094816.0,1740.1
2023-03-20 09:48:20,500,870016.0,600519.0,2306137.0,2348900.0,1296028.0,6.0,S,3529386.0,20230320094819.0,1740.032
2023-03-20 09:48:21,100,174002.0,600519.0,2350802.0,2348744.0,1297070.0,6.0,B,3532681.0,20230320094819.0,1740.02
2023-03-20 09:48:23,400,696023.0,600519.0,2350141.0,2353309.0,1298364.0,6.0,S,3536376.0,20230320094822.0,1740.0575
2023-03-20 09:48:24,100,174010.0,600519.0,2354733.0,2348612.0,1299266.0,6.0,B,3538524.0,20230320094822.0,1740.1
2023-03-20 09:48:25,100,174002.0,600519.0,2355772.0,2355209.0,1299785.0,6.0,B,3540071.0,20230320094822.0,1740.02
2023-03-20 09:48:26,300,522030.0,600519.0,2356851.0,2357261.0,1300615.0,6.0,S,3542333.0,20230320094825.0,1740.1
2023-03-20 09:48:28,100,174001.0,600519.0,2359426.0,2357261.0,1301701.0,6.0,B,3545518.0,20230320094825.0,1740.01
2023-03-20 09:48:29,600,1044001.0,600519.0,2315595.0,2360718.0,1302354.0,6.0,S,3547381.0,20230320094828.0,1740.0016666666668
2023-03-20 09:48:30,200,348001.0,600519.0,2315595.0,2362155.0,1303163.0,6.0,S,3549572.0,20230320094828.0,1740.005
2023-03-20 09:48:31,100,174001.0,600519.0,2364302.0,2357261.0,1304357.0,6.0,B,3552786.0,20230320094831.0,1740.01
2023-03-20 09:48:33,1100,1914002.0,600519.0,2366398.0,2360347.0,1305528.0,6.0,B,3555927.0,20230320094831.0,1740.0018181818182
2023-03-20 09:48:35,500,870005.0,600519.0,2369327.0,2358691.0,1307375.0,6.0,B,3560570.0,20230320094834.0,1740.01
2023-03-20 09:48:39,300,522006.0,600519.0,2372095.0,2374797.0,1310599.0,6.0,S,3569196.0,20230320094837.0,1740.02
2023-03-20 09:48:40,600,1044005.0,600519.0,2375592.0,2375405.0,1310957.0,6.0,B,3570372.0,20230320094837.0,1740.0083333333334
2023-03-20 09:48:42,1100,1914002.0,600519.0,2378008.0,2375405.0,1312357.0,6.0,B,3574196.0,20230320094840.0,1740.0018181818182
2023-03-20 09:48:44,100,174010.0,600519.0,2380314.0,2360580.0,1313607.0,6.0,B,3577672.0,20230320094843.0,1740.1
2023-03-20 09:48:45,300,522011.0,600519.0,2380989.0,2381597.0,1314436.0,6.0,S,3579825.0,20230320094843.0,1740.0366666666666
2023-03-20 09:48:46,100,174000.0,600519.0,2351756.0,2382643.0,1315003.0,6.0,S,3581437.0,20230320094843.0,1740.0
2023-03-20 09:48:47,300,522001.0,600519.0,2384610.0,2382977.0,1316119.0,6.0,B,3584489.0,20230320094846.0,1740.0033333333333
2023-03-20 09:48:49,100,174000.0,600519.0,2372528.0,2387498.0,1317829.0,6.0,S,3588881.0,20230320094849.0,1740.0
2023-03-20 09:48:50,500,870001.0,600519.0,2388708.0,2384883.0,1318464.0,6.0,B,3590742.0,20230320094849.0,1740.002
2023-03-20 09:48:51,100,174000.0,600519.0,2376947.0,2389747.0,1318997.0,6.0,S,3592270.0,20230320094849.0,1740.0
2023-03-20 09:48:52,200,348002.0,600519.0,2391008.0,2389233.0,1319734.0,6.0,B,3594227.0,20230320094849.0,1740.01
2023-03-20 09:48:55,200,348001.0,600519.0,2379807.0,2395714.0,1322307.0,6.0,S,3601531.0,20230320094855.0,1740.005
2023-03-20 09:48:56,200,348001.0,600519.0,2388260.0,2397175.0,1323008.0,6.0,S,3603632.0,20230320094855.0,1740.005
2023-03-20 09:48:57,200,348000.0,600519.0,2391017.0,2398985.0,1324100.0,6.0,S,3606254.0,20230320094855.0,1740.0
2023-03-20 09:48:58,100,174000.0,600519.0,2391017.0,2399990.0,1324606.0,6.0,S,3607787.0,20230320094855.0,1740.0
2023-03-20 09:49:00,200,347999.0,600519.0,2122736.0,2403379.0,1326537.0,6.0,S,3613155.0,20230320094858.0,1739.995
2023-03-20 09:49:01,100,173997.0,600519.0,2298618.0,2404558.0,1327027.0,6.0,S,3614986.0,20230320094901.0,1739.97
2023-03-20 09:49:02,100,173995.0,600519.0,2294865.0,2405614.0,1327605.0,6.0,S,3616605.0,20230320094901.0,1739.95
2023-03-20 09:49:03,300,521978.0,600519.0,2300173.0,2407549.0,1328726.0,6.0,S,3619660.0,20230320094901.0,1739.9266666666667
2023-03-20 09:49:04,600,1043844.0,600519.0,1305220.0,2409042.0,1329706.0,6.0,S,3622118.0,20230320094904.0,1739.74
2023-03-20 09:49:05,300,521702.0,600519.0,134125.0,2410337.0,1330415.0,6.0,S,3624244.0,20230320094904.0,1739.0066666666667
2023-03-20 09:49:06,1400,2434600.0,600519.0,134125.0,2411172.0,1330921.0,6.0,S,3625639.0,20230320094904.0,1739.0
2023-03-20 09:49:07,300,521700.0,600519.0,134125.0,2412998.0,1332005.0,6.0,S,3628604.0,20230320094907.0,1739.0
2023-03-20 09:49:08,100,173900.0,600519.0,134125.0,2413291.0,1332165.0,6.0,S,3629035.0,20230320094907.0,1739.0
2023-03-20 09:49:09,200,347800.0,600519.0,134125.0,2415224.0,1333245.0,6.0,S,3631896.0,20230320094907.0,1739.0
2023-03-20 09:49:10,1200,2086978.0,600519.0,1944463.0,2416752.0,1333973.0,6.0,S,3634166.0,20230320094910.0,1739.1483333333333
2023-03-20 09:49:11,400,695687.0,600519.0,2413059.0,2417436.0,1334356.0,6.0,S,3635181.0,20230320094910.0,1739.2175
2023-03-20 09:49:12,200,347787.0,600519.0,2111310.0,2418446.0,1334907.0,6.0,S,3636689.0,20230320094910.0,1738.935
2023-03-20 09:49:13,100,173900.0,600519.0,2419963.0,2417879.0,1335682.0,6.0,B,3639123.0,20230320094910.0,1739.0
2023-03-20 09:49:14,100,173880.0,600519.0,2027904.0,2420944.0,1336167.0,6.0,S,3640568.0,20230320094913.0,1738.8
2023-03-20 09:49:17,100,173900.0,600519.0,2424554.0,2419457.0,1338043.0,6.0,B,3646118.0,20230320094916.0,1739.0
2023-03-20 09:49:18,100,173880.0,600519.0,2420677.0,2425701.0,1338665.0,6.0,S,3647938.0,20230320094916.0,1738.8
2023-03-20 09:49:20,200,347720.0,600519.0,2420587.0,2427651.0,1339739.0,6.0,S,3650921.0,20230320094919.0,1738.6
2023-03-20 09:49:29,200,347648.0,600519.0,1539394.0,2438847.0,1346352.0,6.0,S,3668756.0,20230320094928.0,1738.24
2023-03-20 09:49:34,100,173825.0,600519.0,2442278.0,2444197.0,1349353.0,6.0,S,3676974.0,20230320094931.0,1738.25
2023-03-20 09:49:35,100,173825.0,600519.0,2442278.0,2445767.0,1350294.0,6.0,S,3679326.0,20230320094934.0,1738.25
2023-03-20 09:49:37,760,1320934.0,600519.0,154171.0,2448286.0,1351627.0,6.0,S,3683237.0,20230320094934.0,1738.071052631579
2023-03-20 09:49:38,100,173805.0,600519.0,2448434.0,2449440.0,1352230.0,6.0,S,3685016.0,20230320094937.0,1738.05
2023-03-20 09:49:39,200,347640.0,600519.0,2449841.0,2450892.0,1353081.0,6.0,S,3687428.0,20230320094937.0,1738.2
2023-03-20 09:49:40,1900,3302271.0,600519.0,2453140.0,2446118.0,1354193.0,6.0,B,3691096.0,20230320094940.0,1738.0373684210526
2023-03-20 09:49:41,1640,2850268.6,600519.0,2454061.0,2453232.0,1354686.0,6.0,B,3692616.0,20230320094940.0,1737.9686585365855
2023-03-20 09:49:44,300,521352.0,600519.0,2456486.0,2456804.0,1356306.0,6.0,S,3697014.0,20230320094943.0,1737.84
2023-03-20 09:49:45,200,347525.0,600519.0,173623.0,2458184.0,1357203.0,6.0,S,3699168.0,20230320094943.0,1737.625
2023-03-20 09:49:47,100,173800.0,600519.0,2460128.0,2458463.0,1358227.0,6.0,B,3702226.0,20230320094946.0,1738.0
2023-03-20 09:49:49,100,173700.0,600519.0,81325.0,2463134.0,1360232.0,6.0,S,3707059.0,20230320094946.0,1737.0
2023-03-20 09:49:51,300,521400.0,600519.0,2465839.0,2459300.0,1361885.0,6.0,B,3711325.0,20230320094949.0,1738.0
2023-03-20 09:49:52,400,695100.0,600519.0,2466893.0,2465901.0,1362579.0,6.0,B,3712999.0,20230320094949.0,1737.75
2023-03-20 09:49:53,1000,1737305.0,600519.0,2468430.0,2462786.0,1363513.0,6.0,B,3715379.0,20230320094952.0,1737.305
2023-03-20 09:49:54,100,173800.0,600519.0,2468968.0,2469262.0,1364053.0,6.0,S,3716706.0,20230320094952.0,1738.0
2023-03-20 09:49:55,200,347600.0,600519.0,2471460.0,2471663.0,1365751.0,6.0,S,3720595.0,20230320094955.0,1738.0
2023-03-20 09:49:56,100,173800.0,600519.0,2471460.0,2472691.0,1366810.0,6.0,S,3722652.0,20230320094955.0,1738.0
2023-03-20 09:49:58,100,173805.0,600519.0,2475545.0,2468696.0,1368391.0,6.0,B,3727011.0,20230320094958.0,1738.05
2023-03-20 09:49:59,100,173805.0,600519.0,2475545.0,2476568.0,1369035.0,6.0,S,3728643.0,20230320094958.0,1738.05
2023-03-20 09:50:00,400,695220.0,600519.0,2475929.0,2477383.0,1369443.0,6.0,S,3729823.0,20230320094958.0,1738.05
2023-03-20 09:50:02,100,173706.0,600519.0,2470054.0,2479960.0,1370969.0,6.0,S,3734096.0,20230320095001.0,1737.06
2023-03-20 09:50:04,300,521100.0,600519.0,2483657.0,2484447.0,1373731.0,6.0,S,3741600.0,20230320095004.0,1737.0
2023-03-20 09:50:05,200,347412.0,600519.0,2484646.0,2484111.0,1373880.0,6.0,B,3741966.0,20230320095004.0,1737.06
2023-03-20 09:50:06,100,173706.0,600519.0,2487190.0,2484426.0,1375504.0,6.0,B,3745917.0,20230320095004.0,1737.06
2023-03-20 09:50:08,100,173720.0,600519.0,2488151.0,2489580.0,1376939.0,6.0,S,3749720.0,20230320095007.0,1737.2
2023-03-20 09:50:09,600,1042208.0,600519.0,2484285.0,2491496.0,1378063.0,6.0,S,3752720.0,20230320095007.0,1737.0133333333333
2023-03-20 09:50:10,300,521080.0,600519.0,2005835.0,2495064.0,1379959.0,6.0,S,3758492.0,20230320095010.0,1736.9333333333334
2023-03-20 09:50:11,100,173680.0,600519.0,2496244.0,2496079.0,1380524.0,6.0,B,3760392.0,20230320095010.0,1736.8
2023-03-20 09:50:15,100,173666.0,600519.0,8104.0,2502726.0,1384516.0,6.0,S,3770964.0,20230320095013.0,1736.66
2023-03-20 09:50:16,200,347324.0,600519.0,2040935.0,2504167.0,1385301.0,6.0,S,3773148.0,20230320095013.0,1736.62
2023-03-20 09:50:17,200,347353.0,600519.0,2504983.0,2504733.0,1385783.0,6.0,B,3774466.0,20230320095016.0,1736.765
2023-03-20 09:50:18,100,173670.0,600519.0,2506501.0,2506911.0,1386764.0,6.0,S,3777429.0,20230320095016.0,1736.7
2023-03-20 09:50:19,400,694732.0,600519.0,2505988.0,2508185.0,1387494.0,6.0,S,3779448.0,20230320095016.0,1736.83
2023-03-20 09:50:20,400,694412.0,600519.0,80005.0,2509558.0,1388269.0,6.0,S,3781715.0,20230320095019.0,1736.03
2023-03-20 09:50:22,200,347324.0,600519.0,2512793.0,2508185.0,1389906.0,6.0,B,3786729.0,20230320095022.0,1736.62
2023-03-20 09:50:23,300,520943.0,600519.0,2513107.0,2508185.0,1390156.0,6.0,B,3787283.0,20230320095022.0,1736.4766666666667
2023-03-20 09:50:25,200,347324.0,600519.0,2514967.0,2516683.0,1392140.0,6.0,S,3792895.0,20230320095025.0,1736.62
2023-03-20 09:50:26,500,868330.0,600519.0,2518275.0,2517574.0,1393052.0,6.0,B,3795295.0,20230320095025.0,1736.66
2023-03-20 09:50:29,100,173666.0,600519.0,2518551.0,2521481.0,1394816.0,6.0,S,3800315.0,20230320095028.0,1736.66
2023-03-20 09:50:30,400,694555.0,600519.0,2523296.0,2523415.0,1395759.0,6.0,S,3803299.0,20230320095028.0,1736.3875
2023-03-20 09:50:31,300,520822.0,600519.0,2525008.0,2523415.0,1396579.0,6.0,B,3805801.0,20230320095031.0,1736.0733333333333
2023-03-20 09:50:32,300,520978.0,600519.0,2526741.0,2524148.0,1397679.0,6.0,B,3808472.0,20230320095031.0,1736.5933333333332
2023-03-20 09:50:34,1100,1909853.0,600519.0,134126.0,2529083.0,1398869.0,6.0,S,3812096.0,20230320095031.0,1736.23
2023-03-20 09:50:35,300,520966.0,600519.0,2530072.0,2529864.0,1399383.0,6.0,B,3813802.0,20230320095034.0,1736.5533333333333
2023-03-20 09:50:36,200,347316.0,600519.0,2531374.0,2529864.0,1400203.0,6.0,B,3815875.0,20230320095034.0,1736.58
2023-03-20 09:50:38,400,694473.0,600519.0,2534034.0,2529864.0,1401813.0,6.0,B,3820111.0,20230320095037.0,1736.1825
2023-03-20 09:50:40,200,347201.0,600519.0,2536867.0,2537150.0,1403609.0,6.0,S,3824969.0,20230320095037.0,1736.005
2023-03-20 09:50:42,100,173611.0,600519.0,2538969.0,2536787.0,1404739.0,6.0,B,3827926.0,20230320095040.0,1736.11
2023-03-20 09:50:43,100,173658.0,600519.0,2541498.0,2533394.0,1406431.0,6.0,B,3832016.0,20230320095043.0,1736.58
2023-03-20 09:50:46,100,173620.0,600519.0,2543628.0,2544114.0,1408102.0,6.0,S,3836308.0,20230320095043.0,1736.2
2023-03-20 09:50:47,200,347201.0,600519.0,134126.0,2544905.0,1408631.0,6.0,S,3837633.0,20230320095046.0,1736.005
2023-03-20 09:50:48,100,173611.0,600519.0,2545951.0,2546562.0,1409607.0,6.0,S,3840294.0,20230320095046.0,1736.11
2023-03-20 09:50:49,200,347201.0,600519.0,134126.0,2548402.0,1410649.0,6.0,S,3843156.0,20230320095046.0,1736.005
2023-03-20 09:50:50,200,347266.0,600519.0,2549105.0,2549659.0,1411443.0,6.0,S,3845151.0,20230320095049.0,1736.33
2023-03-20 09:50:51,300,520913.0,600519.0,2549386.0,2549847.0,1411548.0,6.0,S,3845408.0,20230320095049.0,1736.3766666666668
2023-03-20 09:50:52,200,347257.0,600519.0,2551837.0,2543310.0,1412794.0,6.0,B,3848440.0,20230320095049.0,1736.285
2023-03-20 09:50:53,200,347202.0,600519.0,2549386.0,2553266.0,1413496.0,6.0,S,3850643.0,20230320095052.0,1736.01
2023-03-20 09:50:54,100,173601.0,600519.0,2549386.0,2554238.0,1413979.0,6.0,S,3852044.0,20230320095052.0,1736.01
2023-03-20 09:50:55,200,347300.0,600519.0,2554363.0,2556283.0,1414977.0,6.0,S,3855111.0,20230320095055.0,1736.5
2023-03-20 09:50:57,200,347312.0,600519.0,2558257.0,2558892.0,1416701.0,6.0,S,3859158.0,20230320095055.0,1736.56
2023-03-20 09:50:58,1600,2778521.0,600519.0,2561040.0,2529003.0,1418130.0,6.0,B,3862566.0,20230320095058.0,1736.575625
2023-03-20 09:50:59,700,1215516.0,600519.0,2549386.0,2562199.0,1418987.0,6.0,S,3864504.0,20230320095058.0,1736.4514285714286
2023-03-20 09:51:01,300,520880.0,600519.0,2565510.0,2566305.0,1421410.0,6.0,S,3870966.0,20230320095101.0,1736.2666666666667
2023-03-20 09:51:02,600,1041624.0,600519.0,2557421.0,2567534.0,1422293.0,6.0,S,3872972.0,20230320095101.0,1736.04
2023-03-20 09:51:03,300,521100.0,600519.0,2568671.0,2568691.0,1423019.0,6.0,S,3874736.0,20230320095101.0,1737.0
