timestamp,SecurityID,bid_price_1,bid_price_2,bid_price_3,bid_price_4,bid_price_5,bid_price_6,bid_price_7,bid_price_8,bid_price_9,bid_price_10,ask_price_1,ask_price_2,ask_price_3,ask_price_4,ask_price_5,ask_price_6,ask_price_7,ask_price_8,ask_price_9,ask_price_10,bid_quantity_1,bid_quantity_2,bid_quantity_3,bid_quantity_4,bid_quantity_5,bid_quantity_6,bid_quantity_7,bid_quantity_8,bid_quantity_9,bid_quantity_10,ask_quantity_1,ask_quantity_2,ask_quantity_3,ask_quantity_4,ask_quantity_5,ask_quantity_6,ask_quantity_7,ask_quantity_8,ask_quantity_9,ask_quantity_10
2023-03-22 09:15:00,600519.0,1771.5,1765.55,1762.0,1761.5,1755.55,1751.5,1751.01,1751.0,1750.33,1750.13,1788.5,1794.0,1798.8,1799.66,1800.0,1804.0,1805.01,1808.5,1810.0,1814.0,100.0,100.0,400.0,100.0,100.0,100.0,100.0,100.0,100.0,300.0,100.0,100.0,100.0,100.0,100.0,100.0,100.0,100.0,500.0,100.0
2023-03-22 09:15:01,600519.0,1771.5,1771.11,1765.55,1765.0,1764.0,1762.0,1761.5,1755.55,1755.01,1751.5,1781.0,1785.0,1788.0,1788.5,1792.0,1793.0,1794.0,1795.0,1798.8,1799.66,100.0,300.0,100.0,300.0,100.0,400.0,100.0,100.0,100.0,100.0,200.0,100.0,100.0,100.0,100.0,100.0,100.0,100.0,100.0,100.0
2023-03-22 09:15:02,600519.0,1952.5,1775.01,1771.5,1771.11,1770.01,1765.55,1765.01,1765.0,1764.0,1763.01,1775.0,1781.0,1785.0,1786.5,1788.0,1788.5,1790.0,1792.0,1793.0,1794.0,500.0,400.0,100.0,300.0,100.0,100.0,100.0,300.0,100.0,100.0,300.0,200.0,100.0,200.0,100.0,100.0,100.0,100.0,100.0,100.0
2023-03-22 09:15:03,600519.0,1952.5,1775.01,1771.5,1771.11,1770.01,1765.55,1765.01,1765.0,1764.0,1763.01,1775.0,1781.0,1785.0,1786.0,1786.5,1788.0,1788.5,1789.0,1790.0,1792.0,500.0,400.0,100.0,400.0,100.0,100.0,100.0,300.0,100.0,100.0,300.0,200.0,100.0,100.0,200.0,100.0,100.0,100.0,100.0,100.0
2023-03-22 09:15:04,600519.0,1952.5,1775.01,1771.5,1771.11,1770.51,1770.01,1765.55,1765.35,1765.01,1765.0,1775.0,1781.0,1785.0,1786.0,1786.5,1788.0,1788.5,1789.0,1790.0,1792.0,500.0,400.0,100.0,400.0,100.0,100.0,100.0,100.0,100.0,300.0,300.0,200.0,100.0,100.0,200.0,100.0,100.0,100.0,200.0,100.0
2023-03-22 09:15:05,600519.0,1952.5,1775.01,1771.5,1771.11,1770.51,1770.01,1765.55,1765.35,1765.01,1765.0,1597.5,1686.25,1775.0,1781.0,1785.0,1786.0,1786.5,1788.0,1788.5,1789.0,500.0,400.0,100.0,400.0,100.0,100.0,100.0,100.0,100.0,300.0,100.0,100.0,300.0,200.0,100.0,100.0,200.0,100.0,100.0,100.0
2023-03-22 09:15:06,600519.0,1952.5,1775.01,1771.5,1771.11,1770.51,1770.01,1765.55,1765.35,1765.01,1765.0,1597.5,1686.25,1775.0,1781.0,1785.0,1786.0,1786.5,1788.0,1788.5,1789.0,500.0,400.0,100.0,400.0,100.0,100.0,100.0,100.0,100.0,300.0,200.0,100.0,300.0,200.0,200.0,100.0,200.0,100.0,100.0,100.0
2023-03-22 09:15:07,600519.0,1952.5,1775.01,1771.5,1771.27,1771.11,1770.51,1770.01,1767.0,1765.55,1765.35,1597.5,1686.25,1775.0,1781.0,1785.0,1786.0,1786.5,1788.0,1788.5,1789.0,500.0,400.0,100.0,100.0,400.0,100.0,100.0,100.0,100.0,100.0,200.0,100.0,300.0,600.0,200.0,100.0,200.0,300.0,100.0,100.0
2023-03-22 09:15:08,600519.0,1952.5,1902.56,1775.01,1771.5,1771.27,1771.11,1770.51,1770.01,1767.0,1765.55,1597.5,1686.25,1775.0,1781.0,1785.0,1785.85,1786.0,1786.5,1788.0,1788.5,500.0,100.0,400.0,100.0,100.0,400.0,100.0,100.0,100.0,100.0,200.0,100.0,300.0,600.0,200.0,300.0,100.0,200.0,300.0,100.0
2023-03-22 09:15:09,600519.0,1952.5,1902.56,1775.01,1775.0,1771.5,1771.27,1771.11,1770.51,1770.11,1770.1,1597.5,1686.25,1775.0,1781.0,1785.0,1785.85,1786.0,1786.5,1788.0,1788.5,500.0,100.0,400.0,100.0,100.0,100.0,500.0,100.0,100.0,400.0,200.0,100.0,300.0,600.0,200.0,300.0,200.0,200.0,300.0,100.0
2023-03-22 09:15:10,600519.0,1952.5,1902.56,1775.01,1775.0,1771.5,1771.27,1771.11,1770.51,1770.11,1770.1,1597.5,1686.25,1775.0,1781.0,1783.43,1785.0,1785.85,1786.0,1786.5,1787.43,500.0,100.0,400.0,100.0,100.0,100.0,1400.0,100.0,100.0,400.0,200.0,100.0,300.0,600.0,100.0,200.0,300.0,200.0,200.0,100.0
2023-03-22 09:15:11,600519.0,1952.5,1902.56,1775.01,1775.0,1771.5,1771.27,1771.11,1770.51,1770.11,1770.1,1597.5,1686.25,1775.0,1781.0,1783.43,1784.0,1785.0,1785.85,1786.0,1786.5,500.0,100.0,400.0,200.0,100.0,100.0,1400.0,100.0,100.0,400.0,200.0,100.0,300.0,600.0,100.0,200.0,200.0,300.0,200.0,200.0
2023-03-22 09:15:12,600519.0,1952.5,1902.56,1775.51,1775.01,1775.0,1771.5,1771.27,1771.11,1770.51,1770.11,1597.5,1686.25,1775.0,1781.0,1783.43,1784.0,1785.0,1785.85,1786.0,1786.5,500.0,100.0,100.0,400.0,200.0,100.0,100.0,1400.0,100.0,100.0,200.0,100.0,300.0,600.0,100.0,200.0,200.0,300.0,200.0,200.0
2023-03-22 09:15:13,600519.0,1952.5,1902.56,1775.51,1775.01,1775.0,1771.5,1771.27,1771.11,1770.51,1770.11,1597.5,1686.25,1775.0,1781.0,1783.43,1784.0,1785.0,1785.85,1786.0,1786.5,500.0,100.0,100.0,400.0,200.0,100.0,100.0,1400.0,100.0,100.0,200.0,100.0,300.0,600.0,100.0,200.0,200.0,300.0,200.0,200.0
2023-03-22 09:15:14,600519.0,1952.5,1902.56,1775.51,1775.01,1775.0,1771.5,1771.27,1771.11,1770.51,1770.11,1597.5,1686.25,1771.0,1775.0,1781.0,1783.43,1784.0,1785.0,1785.85,1786.0,500.0,100.0,100.0,400.0,200.0,100.0,100.0,1400.0,100.0,100.0,200.0,100.0,110.0,300.0,600.0,100.0,200.0,200.0,300.0,200.0
2023-03-22 09:15:15,600519.0,1952.5,1902.56,1775.51,1775.01,1775.0,1771.5,1771.27,1771.11,1770.51,1770.11,1597.5,1686.25,1750.0,1771.0,1775.0,1781.0,1783.43,1784.0,1785.0,1785.85,500.0,100.0,100.0,400.0,200.0,100.0,100.0,1400.0,100.0,100.0,200.0,100.0,700.0,110.0,300.0,600.0,100.0,200.0,200.0,300.0
2023-03-22 09:15:17,600519.0,1952.5,1902.56,1775.51,1775.01,1775.0,1771.5,1771.27,1771.11,1770.51,1770.11,1597.5,1686.25,1750.0,1771.0,1775.0,1781.0,1783.43,1784.0,1785.0,1785.85,500.0,100.0,100.0,400.0,200.0,100.0,100.0,1400.0,100.0,100.0,200.0,100.0,700.0,110.0,300.0,600.0,100.0,200.0,200.0,300.0
2023-03-22 09:15:18,600519.0,1952.5,1902.56,1775.51,1775.01,1775.0,1771.5,1771.27,1771.11,1770.51,1770.11,1597.5,1686.25,1750.0,1771.0,1775.0,1781.0,1783.43,1784.0,1785.0,1785.85,500.0,300.0,100.0,400.0,200.0,100.0,100.0,1400.0,100.0,100.0,200.0,100.0,700.0,110.0,300.0,600.0,100.0,200.0,200.0,300.0
2023-03-22 09:15:19,600519.0,1952.5,1902.56,1775.51,1775.01,1775.0,1771.5,1771.27,1771.11,1770.51,1770.11,1597.5,1686.25,1750.0,1771.0,1775.0,1781.0,1783.43,1784.0,1785.0,1785.85,500.0,300.0,100.0,400.0,200.0,100.0,100.0,1400.0,100.0,100.0,200.0,100.0,700.0,110.0,300.0,600.0,100.0,200.0,200.0,300.0
2023-03-22 09:15:21,600519.0,1952.5,1902.56,1775.51,1775.01,1775.0,1771.5,1771.27,1771.11,1770.51,1770.11,1597.5,1686.25,1750.0,1771.0,1775.0,1781.0,1783.43,1784.0,1785.0,1785.85,500.0,400.0,100.0,400.0,200.0,100.0,100.0,1400.0,100.0,100.0,200.0,100.0,700.0,110.0,300.0,600.0,100.0,200.0,200.0,300.0
2023-03-22 09:15:25,600519.0,1952.5,1902.56,1775.51,1775.01,1775.0,1771.5,1771.27,1771.11,1770.51,1770.11,1597.5,1686.25,1750.0,1771.0,1775.0,1781.0,1783.43,1784.0,1785.0,1785.85,500.0,400.0,100.0,400.0,200.0,100.0,100.0,1400.0,100.0,100.0,300.0,100.0,700.0,110.0,300.0,600.0,100.0,200.0,200.0,300.0
2023-03-22 09:15:27,600519.0,1952.5,1902.56,1775.51,1775.01,1775.0,1771.5,1771.27,1771.11,1770.51,1770.11,1597.5,1686.25,1750.0,1771.0,1775.0,1781.0,1783.43,1784.0,1785.0,1785.85,500.0,400.0,100.0,400.0,200.0,100.0,100.0,1400.0,100.0,100.0,300.0,100.0,700.0,110.0,300.0,600.0,100.0,200.0,200.0,300.0
2023-03-22 09:15:28,600519.0,1952.5,1902.56,1775.51,1775.01,1775.0,1771.5,1771.27,1771.11,1770.51,1770.11,1597.5,1597.52,1686.25,1750.0,1771.0,1775.0,1781.0,1783.43,1784.0,1785.0,500.0,400.0,100.0,400.0,200.0,100.0,100.0,1400.0,100.0,100.0,300.0,100.0,100.0,700.0,110.0,300.0,600.0,100.0,200.0,200.0
2023-03-22 09:15:30,600519.0,1952.5,1902.56,1775.51,1775.01,1775.0,1771.5,1771.27,1771.11,1770.51,1770.11,1597.5,1597.52,1686.25,1750.0,1771.0,1775.0,1781.0,1783.43,1784.0,1785.0,500.0,400.0,100.0,400.0,200.0,100.0,100.0,1400.0,100.0,100.0,3400.0,100.0,200.0,700.0,110.0,300.0,600.0,100.0,200.0,200.0
2023-03-22 09:15:34,600519.0,1952.5,1902.56,1863.75,1775.51,1775.01,1775.0,1771.5,1771.27,1771.11,1770.51,1597.5,1597.52,1686.25,1750.0,1771.0,1775.0,1781.0,1783.43,1784.0,1785.0,500.0,400.0,2900.0,100.0,400.0,200.0,100.0,100.0,1400.0,100.0,3400.0,100.0,200.0,700.0,110.0,300.0,600.0,100.0,200.0,200.0
2023-03-22 09:15:35,600519.0,1952.5,1902.56,1863.75,1775.51,1775.01,1775.0,1771.5,1771.27,1771.11,1770.51,1597.5,1597.52,1686.25,1750.0,1771.0,1775.0,1781.0,1783.43,1784.0,1785.0,500.0,400.0,2900.0,100.0,400.0,200.0,100.0,100.0,1400.0,100.0,3400.0,100.0,200.0,700.0,110.0,300.0,600.0,100.0,200.0,200.0
2023-03-22 09:15:36,600519.0,1952.5,1902.56,1863.75,1775.51,1775.01,1775.0,1771.5,1771.27,1771.11,1770.51,1597.5,1597.52,1686.25,1750.0,1771.0,1775.0,1781.0,1783.43,1784.0,1785.0,500.0,700.0,3000.0,100.0,400.0,200.0,100.0,100.0,1400.0,100.0,6500.0,100.0,200.0,700.0,110.0,300.0,600.0,100.0,200.0,200.0
2023-03-22 09:15:38,600519.0,1952.5,1902.56,1863.75,1775.51,1775.01,1775.0,1771.5,1771.27,1771.11,1770.51,1597.5,1597.52,1686.25,1750.0,1771.0,1775.0,1781.0,1783.43,1784.0,1785.0,500.0,700.0,3000.0,100.0,400.0,200.0,100.0,100.0,1400.0,100.0,6500.0,100.0,200.0,700.0,110.0,300.0,600.0,100.0,200.0,200.0
2023-03-22 09:15:39,600519.0,1952.5,1902.56,1863.75,1775.51,1775.01,1775.0,1771.5,1771.27,1771.11,1770.51,1597.5,1597.52,1686.25,1750.0,1771.0,1775.0,1781.0,1783.43,1784.0,1785.0,500.0,700.0,3000.0,100.0,400.0,200.0,100.0,100.0,1400.0,100.0,6500.0,100.0,200.0,700.0,110.0,300.0,600.0,100.0,200.0,200.0
2023-03-22 09:15:44,600519.0,1952.5,1902.56,1863.75,1775.51,1775.01,1775.0,1771.5,1771.27,1771.11,1770.51,1597.5,1597.52,1686.25,1750.0,1771.0,1775.0,1781.0,1783.43,1784.0,1785.0,500.0,700.0,3000.0,100.0,400.0,200.0,100.0,100.0,1400.0,100.0,6500.0,100.0,200.0,700.0,110.0,300.0,600.0,100.0,200.0,200.0
2023-03-22 09:15:45,600519.0,1952.5,1902.56,1863.75,1775.51,1775.01,1775.0,1771.5,1771.27,1771.11,1770.51,1597.5,1597.52,1686.25,1750.0,1771.0,1775.0,1781.0,1783.43,1784.0,1785.0,500.0,700.0,3000.0,100.0,400.0,200.0,100.0,100.0,1400.0,100.0,6500.0,100.0,200.0,700.0,110.0,300.0,600.0,100.0,200.0,200.0
2023-03-22 09:15:48,600519.0,1952.5,1902.56,1863.75,1775.51,1775.01,1775.0,1771.5,1771.27,1771.11,1770.51,1597.5,1597.52,1686.25,1750.0,1771.0,1775.0,1781.0,1783.43,1784.0,1785.0,500.0,700.0,3000.0,100.0,400.0,200.0,100.0,100.0,1400.0,100.0,6500.0,100.0,200.0,700.0,110.0,300.0,600.0,100.0,200.0,200.0
2023-03-22 09:15:49,600519.0,1952.5,1902.56,1863.75,1775.51,1775.01,1775.0,1771.5,1771.27,1771.11,1770.51,1597.5,1597.52,1686.25,1750.0,1771.0,1775.0,1781.0,1783.43,1784.0,1785.0,500.0,700.0,3000.0,100.0,400.0,200.0,100.0,100.0,1400.0,100.0,6500.0,100.0,200.0,700.0,110.0,300.0,600.0,100.0,200.0,200.0
2023-03-22 09:15:52,600519.0,1952.5,1902.56,1863.75,1775.51,1775.01,1775.0,1771.5,1771.27,1771.11,1770.51,1597.5,1597.52,1686.25,1750.0,1771.0,1775.0,1781.0,1783.43,1784.0,1785.0,500.0,700.0,3000.0,100.0,400.0,200.0,100.0,100.0,1400.0,100.0,6500.0,100.0,200.0,700.0,110.0,300.0,600.0,100.0,200.0,200.0
2023-03-22 09:15:53,600519.0,1952.5,1902.56,1863.75,1775.51,1775.01,1775.0,1771.5,1771.27,1771.11,1770.51,1597.5,1597.52,1686.25,1750.0,1771.0,1775.0,1781.0,1783.43,1784.0,1785.0,500.0,2200.0,3000.0,100.0,400.0,200.0,100.0,100.0,1400.0,100.0,6500.0,100.0,200.0,700.0,110.0,300.0,600.0,100.0,200.0,200.0
2023-03-22 09:15:57,600519.0,1952.5,1902.56,1863.75,1775.51,1775.01,1775.0,1771.5,1771.27,1771.11,1770.51,1597.5,1597.52,1686.25,1750.0,1771.0,1775.0,1781.0,1783.43,1784.0,1785.0,500.0,2200.0,3000.0,100.0,400.0,200.0,100.0,100.0,1400.0,100.0,6500.0,100.0,200.0,700.0,110.0,300.0,600.0,100.0,200.0,200.0
2023-03-22 09:15:59,600519.0,1952.5,1902.56,1863.75,1775.51,1775.01,1775.0,1771.5,1771.27,1771.11,1770.51,1597.5,1597.52,1686.25,1750.0,1771.0,1775.0,1781.0,1783.43,1784.0,1785.0,500.0,2200.0,3000.0,100.0,400.0,200.0,100.0,100.0,1400.0,100.0,6500.0,100.0,200.0,700.0,110.0,300.0,600.0,100.0,200.0,200.0
2023-03-22 09:16:00,600519.0,1952.5,1902.56,1863.75,1775.51,1775.01,1775.0,1771.5,1771.27,1771.11,1770.51,1597.5,1597.52,1686.25,1750.0,1771.0,1775.0,1781.0,1783.43,1784.0,1785.0,500.0,2200.0,3000.0,100.0,400.0,200.0,100.0,100.0,1400.0,100.0,6500.0,100.0,200.0,700.0,110.0,300.0,600.0,100.0,200.0,200.0
2023-03-22 09:16:01,600519.0,1952.5,1902.56,1863.75,1775.51,1775.01,1775.0,1771.5,1771.27,1771.11,1770.51,1597.5,1597.52,1686.25,1750.0,1771.0,1775.0,1781.0,1783.43,1784.0,1785.0,500.0,2200.0,3000.0,100.0,400.0,200.0,100.0,100.0,1400.0,100.0,6500.0,100.0,300.0,700.0,110.0,300.0,600.0,100.0,200.0,200.0
2023-03-22 09:16:02,600519.0,1952.5,1902.56,1863.75,1775.51,1775.01,1775.0,1771.5,1771.27,1771.11,1770.51,1597.5,1597.52,1686.25,1750.0,1771.0,1775.0,1781.0,1783.43,1784.0,1785.0,500.0,2200.0,3000.0,100.0,400.0,200.0,100.0,100.0,1400.0,100.0,6500.0,100.0,300.0,700.0,110.0,300.0,600.0,100.0,200.0,200.0
2023-03-22 09:16:04,600519.0,1952.5,1902.56,1863.75,1775.51,1775.01,1775.0,1771.5,1771.27,1771.11,1770.51,1597.5,1597.52,1686.25,1750.0,1771.0,1775.0,1781.0,1783.43,1784.0,1785.0,500.0,2200.0,3000.0,100.0,400.0,200.0,100.0,100.0,1500.0,100.0,6500.0,100.0,300.0,700.0,110.0,300.0,600.0,100.0,200.0,200.0
2023-03-22 09:16:05,600519.0,1952.5,1902.56,1863.75,1775.51,1775.01,1775.0,1771.5,1771.27,1771.11,1770.51,1597.5,1597.52,1686.25,1750.0,1771.0,1775.0,1781.0,1783.43,1784.0,1785.0,500.0,2200.0,3000.0,100.0,400.0,200.0,100.0,100.0,1500.0,100.0,6500.0,100.0,300.0,700.0,110.0,300.0,600.0,100.0,200.0,200.0
2023-03-22 09:16:07,600519.0,1952.5,1902.56,1863.75,1775.51,1775.01,1775.0,1771.5,1771.27,1771.11,1770.51,1597.5,1597.52,1686.25,1750.0,1771.0,1775.0,1780.0,1781.0,1783.43,1784.0,500.0,2200.0,3000.0,100.0,400.0,200.0,100.0,100.0,1500.0,100.0,6500.0,100.0,300.0,700.0,110.0,300.0,100.0,600.0,100.0,200.0
2023-03-22 09:16:12,600519.0,1952.5,1902.56,1863.75,1775.51,1775.01,1775.0,1771.5,1771.27,1771.11,1770.51,1597.5,1597.52,1686.25,1750.0,1771.0,1775.0,1780.0,1781.0,1783.43,1784.0,500.0,2200.0,3000.0,100.0,400.0,200.0,100.0,100.0,1500.0,100.0,6500.0,100.0,300.0,700.0,110.0,300.0,100.0,600.0,100.0,200.0
2023-03-22 09:16:15,600519.0,1952.5,1902.56,1863.75,1775.51,1775.01,1775.0,1771.5,1771.27,1771.11,1770.51,1597.5,1597.52,1686.25,1750.0,1771.0,1775.0,1780.0,1781.0,1783.43,1784.0,500.0,2200.0,3000.0,100.0,400.0,200.0,100.0,100.0,1500.0,100.0,6500.0,100.0,300.0,700.0,110.0,300.0,100.0,600.0,100.0,200.0
2023-03-22 09:16:16,600519.0,1952.5,1902.56,1863.75,1775.51,1775.01,1775.0,1771.5,1771.27,1771.11,1770.51,1597.5,1597.52,1686.25,1750.0,1771.0,1775.0,1780.0,1781.0,1783.43,1784.0,500.0,2200.0,3000.0,100.0,400.0,200.0,100.0,100.0,1500.0,100.0,6500.0,100.0,300.0,700.0,110.0,300.0,100.0,600.0,100.0,200.0
2023-03-22 09:16:17,600519.0,1952.5,1902.56,1863.75,1775.51,1775.01,1775.0,1771.5,1771.27,1771.11,1770.51,1597.5,1597.52,1686.25,1750.0,1771.0,1775.0,1780.0,1781.0,1783.43,1784.0,500.0,2200.0,3000.0,100.0,400.0,200.0,100.0,100.0,1500.0,100.0,6500.0,100.0,300.0,700.0,110.0,300.0,100.0,600.0,100.0,200.0
2023-03-22 09:16:20,600519.0,1952.5,1902.56,1863.75,1775.51,1775.01,1775.0,1771.5,1771.27,1771.11,1770.51,1597.5,1597.52,1686.25,1750.0,1771.0,1775.0,1780.0,1781.0,1783.43,1784.0,500.0,2200.0,3000.0,100.0,400.0,200.0,100.0,100.0,1500.0,100.0,6500.0,100.0,300.0,700.0,110.0,300.0,100.0,600.0,100.0,200.0
2023-03-22 09:16:22,600519.0,1952.5,1902.56,1863.75,1775.51,1775.01,1775.0,1771.5,1771.27,1771.11,1770.51,1597.5,1597.52,1686.25,1750.0,1771.0,1775.0,1780.0,1781.0,1783.43,1784.0,500.0,2200.0,3000.0,100.0,400.0,200.0,100.0,100.0,1500.0,100.0,6500.0,100.0,300.0,700.0,110.0,300.0,100.0,600.0,100.0,200.0
2023-03-22 09:16:29,600519.0,1952.5,1902.56,1863.75,1780.0,1775.51,1775.01,1775.0,1771.5,1771.27,1771.11,1597.5,1597.52,1686.25,1750.0,1771.0,1775.0,1780.0,1781.0,1783.43,1784.0,500.0,2200.0,3000.0,400.0,100.0,400.0,200.0,100.0,100.0,1500.0,6500.0,100.0,300.0,700.0,110.0,300.0,100.0,600.0,100.0,200.0
2023-03-22 09:16:31,600519.0,1952.5,1902.56,1863.75,1780.0,1775.51,1775.01,1775.0,1771.5,1771.27,1771.11,1597.5,1597.52,1686.25,1750.0,1771.0,1775.0,1780.0,1781.0,1783.43,1784.0,500.0,2200.0,3000.0,400.0,100.0,400.0,200.0,100.0,100.0,1500.0,6500.0,100.0,300.0,700.0,110.0,300.0,100.0,600.0,100.0,200.0
2023-03-22 09:16:34,600519.0,1952.5,1902.56,1863.75,1780.0,1775.51,1775.01,1775.0,1771.5,1771.27,1771.11,1597.5,1597.52,1686.25,1750.0,1771.0,1775.0,1780.0,1781.0,1783.43,1784.0,500.0,2200.0,3000.0,400.0,100.0,400.0,200.0,100.0,100.0,1500.0,6500.0,100.0,300.0,700.0,110.0,300.0,100.0,600.0,100.0,200.0
2023-03-22 09:16:35,600519.0,1952.5,1902.56,1863.75,1780.0,1775.51,1775.01,1775.0,1771.5,1771.27,1771.11,1597.5,1597.52,1686.25,1750.0,1771.0,1775.0,1780.0,1781.0,1783.43,1784.0,500.0,2200.0,3000.0,400.0,100.0,400.0,200.0,100.0,100.0,1500.0,6500.0,100.0,300.0,700.0,110.0,300.0,100.0,600.0,100.0,200.0
2023-03-22 09:16:38,600519.0,1952.5,1902.56,1863.75,1780.0,1775.51,1775.01,1775.0,1771.5,1771.27,1771.11,1597.5,1597.52,1686.25,1771.0,1775.0,1780.0,1781.0,1783.43,1784.0,1785.0,500.0,2200.0,3000.0,400.0,100.0,400.0,200.0,100.0,100.0,1500.0,6500.0,100.0,300.0,110.0,300.0,100.0,600.0,100.0,200.0,200.0
2023-03-22 09:16:41,600519.0,1952.5,1902.56,1863.75,1780.0,1775.51,1775.01,1775.0,1771.5,1771.27,1771.11,1597.5,1597.52,1686.25,1771.0,1775.0,1780.0,1781.0,1783.43,1784.0,1785.0,500.0,2200.0,3000.0,400.0,100.0,400.0,200.0,100.0,100.0,1500.0,6500.0,100.0,300.0,110.0,300.0,100.0,600.0,100.0,200.0,200.0
2023-03-22 09:16:45,600519.0,1952.5,1902.56,1863.75,1780.0,1775.51,1775.01,1775.0,1771.5,1771.27,1771.15,1597.5,1597.52,1686.25,1771.0,1775.0,1780.0,1781.0,1783.43,1784.0,1785.0,500.0,2200.0,3000.0,400.0,100.0,400.0,200.0,100.0,100.0,100.0,6500.0,100.0,300.0,110.0,300.0,100.0,600.0,100.0,200.0,200.0
2023-03-22 09:16:46,600519.0,1952.5,1902.56,1863.75,1780.0,1775.51,1775.01,1775.0,1771.5,1771.27,1771.15,1597.5,1597.52,1686.25,1771.0,1775.0,1780.0,1781.0,1783.43,1784.0,1785.0,500.0,2200.0,3000.0,400.0,100.0,400.0,200.0,100.0,100.0,100.0,6500.0,100.0,300.0,110.0,300.0,100.0,600.0,100.0,200.0,200.0
2023-03-22 09:16:50,600519.0,1952.5,1902.56,1863.75,1780.0,1775.51,1775.01,1775.0,1771.5,1771.27,1771.15,1597.5,1597.52,1686.25,1771.0,1775.0,1780.0,1781.0,1783.43,1784.0,1785.0,500.0,2200.0,3000.0,400.0,100.0,400.0,200.0,100.0,100.0,100.0,6500.0,100.0,300.0,110.0,300.0,100.0,600.0,100.0,200.0,200.0
2023-03-22 09:16:52,600519.0,1952.5,1902.56,1863.75,1780.0,1775.51,1775.01,1775.0,1771.5,1771.27,1771.15,1597.5,1597.52,1686.25,1771.0,1775.0,1776.99,1780.0,1781.0,1783.43,1784.0,500.0,2200.0,3000.0,400.0,100.0,400.0,200.0,100.0,100.0,100.0,6500.0,100.0,300.0,110.0,300.0,1200.0,100.0,600.0,100.0,200.0
2023-03-22 09:16:55,600519.0,1952.5,1902.56,1863.75,1775.51,1775.01,1775.0,1771.5,1771.27,1771.15,1771.11,1597.5,1597.52,1686.25,1771.0,1775.0,1776.99,1780.0,1781.0,1783.43,1784.0,500.0,2200.0,3000.0,100.0,400.0,200.0,100.0,100.0,100.0,1500.0,6500.0,100.0,300.0,110.0,300.0,1200.0,100.0,600.0,100.0,200.0
2023-03-22 09:16:57,600519.0,1952.5,1902.56,1863.75,1775.51,1775.01,1775.0,1771.5,1771.27,1771.15,1771.11,1597.5,1597.52,1686.25,1771.0,1775.0,1776.99,1780.0,1781.0,1783.43,1784.0,500.0,2200.0,3000.0,100.0,400.0,200.0,100.0,100.0,200.0,1500.0,6500.0,100.0,300.0,110.0,300.0,1200.0,100.0,600.0,100.0,200.0
2023-03-22 09:16:58,600519.0,1952.5,1902.56,1863.75,1775.51,1775.01,1775.0,1771.5,1771.27,1771.15,1771.11,1597.5,1597.52,1686.25,1771.0,1775.0,1776.99,1780.0,1781.0,1783.43,1784.0,500.0,2200.0,3000.0,100.0,400.0,200.0,100.0,100.0,200.0,1500.0,6500.0,100.0,300.0,110.0,300.0,1200.0,100.0,600.0,100.0,200.0
2023-03-22 09:16:59,600519.0,1952.5,1902.56,1863.75,1775.51,1775.01,1775.0,1771.5,1771.27,1771.15,1771.11,1597.5,1597.52,1686.25,1771.0,1775.0,1776.99,1780.0,1781.0,1783.43,1784.0,500.0,2200.0,3000.0,100.0,400.0,200.0,100.0,100.0,200.0,1500.0,6500.0,100.0,300.0,110.0,300.0,1200.0,100.0,600.0,100.0,200.0
2023-03-22 09:17:01,600519.0,1952.5,1902.56,1863.75,1775.51,1775.01,1775.0,1771.5,1771.27,1771.15,1771.11,1597.5,1597.52,1686.25,1771.0,1775.0,1776.99,1780.0,1781.0,1783.43,1784.0,500.0,2200.0,3000.0,100.0,400.0,200.0,100.0,100.0,200.0,1500.0,6500.0,100.0,300.0,110.0,300.0,1200.0,100.0,600.0,100.0,200.0
2023-03-22 09:17:02,600519.0,1952.5,1902.56,1863.75,1775.51,1775.01,1775.0,1771.5,1771.27,1771.15,1771.11,1597.5,1597.52,1686.25,1771.0,1775.0,1776.99,1780.0,1781.0,1783.43,1784.0,500.0,2200.0,3000.0,100.0,400.0,200.0,100.0,100.0,200.0,1500.0,6500.0,100.0,300.0,110.0,300.0,1200.0,100.0,600.0,100.0,200.0
2023-03-22 09:17:03,600519.0,1952.5,1902.56,1863.75,1775.51,1775.01,1775.0,1771.5,1771.27,1771.15,1771.11,1597.5,1597.52,1686.25,1771.0,1775.0,1776.99,1780.0,1781.0,1783.43,1784.0,500.0,2200.0,3000.0,100.0,400.0,200.0,100.0,100.0,200.0,1500.0,6500.0,100.0,300.0,110.0,300.0,1200.0,100.0,600.0,100.0,200.0
2023-03-22 09:17:08,600519.0,1952.5,1902.56,1863.75,1775.51,1775.01,1775.0,1771.5,1771.27,1771.15,1771.11,1597.5,1597.52,1686.25,1771.0,1771.11,1775.0,1776.99,1780.0,1781.0,1783.43,500.0,2200.0,3000.0,100.0,400.0,200.0,100.0,100.0,200.0,1500.0,6500.0,100.0,300.0,110.0,100.0,300.0,1200.0,100.0,600.0,100.0
2023-03-22 09:17:10,600519.0,1952.5,1902.56,1863.75,1775.51,1775.01,1775.0,1771.5,1771.27,1771.15,1771.11,1597.5,1597.52,1686.25,1771.0,1771.11,1775.0,1776.99,1780.0,1781.0,1783.43,500.0,2200.0,3000.0,100.0,400.0,200.0,100.0,100.0,200.0,1500.0,6500.0,100.0,300.0,110.0,100.0,300.0,1200.0,100.0,600.0,100.0
2023-03-22 09:17:14,600519.0,1952.5,1902.56,1863.75,1775.51,1775.01,1775.0,1771.5,1771.27,1771.15,1771.11,1597.5,1597.52,1686.25,1771.0,1771.11,1775.0,1776.99,1780.0,1781.0,1783.43,500.0,2200.0,3000.0,100.0,400.0,200.0,100.0,100.0,200.0,1500.0,6500.0,100.0,300.0,110.0,100.0,300.0,1200.0,100.0,600.0,100.0
2023-03-22 09:17:15,600519.0,1952.5,1902.56,1863.75,1775.51,1775.01,1775.0,1771.5,1771.27,1771.15,1771.11,1597.5,1597.52,1686.25,1771.0,1771.11,1775.0,1776.99,1780.0,1781.0,1783.43,500.0,2200.0,3000.0,100.0,400.0,200.0,100.0,100.0,200.0,1500.0,6500.0,100.0,300.0,110.0,100.0,300.0,1200.0,100.0,600.0,100.0
2023-03-22 09:17:16,600519.0,1952.5,1902.56,1863.75,1775.51,1775.01,1775.0,1771.5,1771.27,1771.15,1771.11,1597.5,1597.52,1686.25,1771.0,1771.11,1775.0,1776.99,1780.0,1781.0,1783.43,500.0,2200.0,3000.0,100.0,400.0,200.0,100.0,100.0,200.0,1500.0,6500.0,100.0,300.0,110.0,100.0,300.0,1200.0,100.0,600.0,100.0
2023-03-22 09:17:23,600519.0,1952.5,1902.56,1863.75,1775.51,1775.01,1775.0,1771.5,1771.27,1771.15,1771.11,1597.5,1597.52,1686.25,1771.0,1771.11,1775.0,1776.99,1780.0,1781.0,1783.43,500.0,2200.0,3000.0,100.0,400.0,200.0,100.0,100.0,200.0,1500.0,6500.0,100.0,300.0,110.0,100.0,300.0,1200.0,100.0,600.0,100.0
2023-03-22 09:17:25,600519.0,1952.5,1902.56,1863.75,1775.51,1775.01,1775.0,1771.5,1771.27,1771.15,1771.11,1597.5,1597.52,1686.25,1771.0,1771.11,1775.0,1776.99,1780.0,1781.0,1783.43,500.0,2200.0,3000.0,100.0,400.0,200.0,100.0,100.0,200.0,1500.0,6500.0,100.0,300.0,110.0,100.0,300.0,1200.0,100.0,600.0,100.0
2023-03-22 09:17:26,600519.0,1952.5,1902.56,1863.75,1775.51,1775.01,1775.0,1771.5,1771.27,1771.15,1771.11,1597.5,1597.52,1686.25,1771.0,1771.11,1775.0,1776.99,1780.0,1781.0,1783.43,500.0,2200.0,3000.0,100.0,400.0,200.0,100.0,100.0,200.0,1500.0,6500.0,100.0,300.0,110.0,100.0,300.0,1200.0,100.0,600.0,100.0
2023-03-22 09:17:27,600519.0,1952.5,1902.56,1863.75,1775.51,1775.01,1775.0,1771.5,1771.27,1771.15,1771.11,1597.5,1597.52,1686.25,1771.0,1771.11,1775.0,1776.99,1780.0,1781.0,1783.43,500.0,2200.0,3000.0,100.0,400.0,200.0,100.0,100.0,200.0,1500.0,6500.0,100.0,300.0,110.0,100.0,300.0,1200.0,100.0,600.0,100.0
2023-03-22 09:17:30,600519.0,1952.5,1902.56,1863.75,1775.51,1775.01,1775.0,1771.5,1771.27,1771.15,1771.11,1597.5,1597.52,1686.25,1771.0,1771.11,1775.0,1776.99,1780.0,1781.0,1783.43,500.0,2200.0,3000.0,100.0,400.0,200.0,100.0,100.0,200.0,1500.0,6500.0,100.0,300.0,110.0,100.0,300.0,1200.0,100.0,600.0,100.0
2023-03-22 09:17:31,600519.0,1952.5,1902.56,1863.75,1775.51,1775.01,1775.0,1771.5,1771.27,1771.15,1771.11,1597.5,1597.52,1686.25,1771.0,1771.11,1775.0,1776.99,1780.0,1781.0,1783.43,500.0,2200.0,3000.0,100.0,400.0,200.0,100.0,100.0,200.0,1500.0,6500.0,100.0,300.0,110.0,100.0,300.0,1200.0,100.0,600.0,100.0
2023-03-22 09:17:32,600519.0,1952.5,1902.56,1863.75,1775.51,1775.01,1775.0,1771.5,1771.27,1771.15,1771.11,1597.5,1597.52,1686.25,1771.0,1771.11,1775.0,1776.99,1780.0,1781.0,1783.43,500.0,2200.0,3000.0,100.0,400.0,200.0,100.0,100.0,200.0,1500.0,6500.0,100.0,300.0,110.0,100.0,300.0,1200.0,100.0,600.0,100.0
2023-03-22 09:17:34,600519.0,1952.5,1902.56,1863.75,1775.51,1775.01,1775.0,1771.5,1771.27,1771.15,1771.11,1597.5,1597.52,1686.25,1771.0,1771.11,1775.0,1776.99,1780.0,1781.0,1783.43,500.0,2200.0,3000.0,100.0,400.0,200.0,100.0,100.0,200.0,1500.0,6500.0,100.0,300.0,110.0,100.0,300.0,1200.0,100.0,600.0,100.0
2023-03-22 09:17:40,600519.0,1952.5,1902.56,1863.75,1775.51,1775.01,1775.0,1771.5,1771.27,1771.15,1771.11,1597.5,1597.52,1686.25,1771.0,1771.11,1775.0,1776.99,1780.0,1781.0,1783.43,500.0,2200.0,3000.0,100.0,400.0,200.0,100.0,100.0,200.0,1500.0,6500.0,100.0,300.0,110.0,100.0,300.0,1200.0,100.0,600.0,100.0
2023-03-22 09:17:48,600519.0,1952.5,1902.56,1863.75,1775.51,1775.01,1775.0,1771.5,1771.27,1771.15,1771.11,1597.5,1597.52,1686.25,1771.0,1771.11,1775.0,1776.99,1780.0,1781.0,1783.43,500.0,2200.0,3000.0,100.0,400.0,200.0,100.0,100.0,200.0,1500.0,6500.0,100.0,300.0,110.0,100.0,300.0,1200.0,100.0,600.0,100.0
2023-03-22 09:17:49,600519.0,1952.5,1902.56,1863.75,1775.51,1775.01,1775.0,1771.5,1771.27,1771.15,1771.11,1597.5,1597.52,1686.25,1771.0,1771.11,1775.0,1776.99,1780.0,1781.0,1783.43,500.0,2200.0,3000.0,100.0,400.0,200.0,100.0,100.0,200.0,1500.0,6500.0,100.0,300.0,110.0,100.0,300.0,1200.0,100.0,600.0,100.0
2023-03-22 09:17:50,600519.0,1952.5,1902.56,1863.75,1775.51,1775.01,1775.0,1771.5,1771.27,1771.15,1771.11,1597.5,1597.52,1686.25,1771.0,1771.11,1775.0,1776.99,1780.0,1781.0,1783.43,500.0,2200.0,3000.0,100.0,400.0,200.0,100.0,100.0,200.0,1500.0,6500.0,100.0,300.0,110.0,100.0,300.0,1200.0,100.0,600.0,100.0
2023-03-22 09:17:51,600519.0,1952.5,1902.56,1863.75,1775.51,1775.01,1775.0,1771.5,1771.27,1771.15,1771.11,1597.5,1597.52,1686.25,1771.0,1771.11,1775.0,1776.99,1780.0,1781.0,1783.43,500.0,2200.0,3000.0,100.0,400.0,200.0,100.0,100.0,200.0,1500.0,6500.0,100.0,300.0,110.0,100.0,300.0,1200.0,100.0,600.0,100.0
2023-03-22 09:17:53,600519.0,1952.5,1902.56,1863.75,1775.51,1775.01,1775.0,1771.5,1771.27,1771.15,1771.11,1597.5,1597.52,1686.25,1771.0,1771.11,1775.0,1776.99,1780.0,1781.0,1783.43,500.0,2200.0,3000.0,100.0,400.0,200.0,100.0,100.0,200.0,1500.0,6500.0,100.0,300.0,110.0,100.0,300.0,1200.0,100.0,600.0,100.0
2023-03-22 09:17:57,600519.0,1952.5,1902.56,1863.75,1775.51,1775.01,1775.0,1771.5,1771.27,1771.15,1771.11,1597.5,1597.52,1686.25,1771.0,1771.11,1775.0,1776.99,1780.0,1781.0,1783.43,500.0,2200.0,3000.0,100.0,400.0,200.0,100.0,100.0,200.0,1500.0,6500.0,100.0,300.0,110.0,100.0,300.0,1200.0,100.0,600.0,100.0
2023-03-22 09:17:58,600519.0,1952.5,1902.56,1863.75,1775.51,1775.01,1775.0,1771.5,1771.27,1771.15,1771.11,1597.5,1597.52,1686.25,1760.0,1771.0,1771.11,1775.0,1776.99,1780.0,1781.0,500.0,2200.0,3000.0,100.0,400.0,200.0,100.0,100.0,200.0,1500.0,6500.0,100.0,300.0,100.0,110.0,100.0,300.0,1200.0,100.0,600.0
2023-03-22 09:18:00,600519.0,1952.5,1902.56,1863.75,1861.97,1775.51,1775.01,1775.0,1771.5,1771.27,1771.15,1597.5,1597.52,1686.25,1760.0,1771.0,1771.11,1775.0,1776.99,1780.0,1781.0,500.0,2200.0,3000.0,100.0,100.0,400.0,200.0,100.0,100.0,200.0,3400.0,100.0,300.0,100.0,110.0,100.0,300.0,1200.0,100.0,600.0
2023-03-22 09:18:01,600519.0,1952.5,1902.56,1863.75,1861.97,1775.51,1775.01,1775.0,1771.5,1771.27,1771.15,1597.5,1597.52,1686.25,1760.0,1771.0,1771.11,1775.0,1776.99,1780.0,1781.0,500.0,2200.0,1600.0,100.0,100.0,400.0,200.0,100.0,100.0,200.0,3300.0,100.0,300.0,100.0,110.0,100.0,300.0,1200.0,100.0,600.0
2023-03-22 09:18:03,600519.0,1952.5,1902.56,1863.75,1861.97,1775.51,1775.01,1775.0,1771.5,1771.27,1771.15,1597.5,1597.52,1686.25,1760.0,1771.0,1771.11,1775.0,1776.99,1780.0,1781.0,500.0,700.0,200.0,100.0,100.0,400.0,200.0,100.0,100.0,200.0,300.0,100.0,300.0,100.0,110.0,100.0,300.0,1200.0,100.0,600.0
2023-03-22 09:18:04,600519.0,1952.5,1902.56,1863.75,1861.97,1775.51,1775.01,1775.0,1771.5,1771.27,1771.15,1597.5,1597.52,1686.25,1760.0,1771.0,1771.11,1775.0,1776.99,1780.0,1781.0,500.0,1600.0,1000.0,100.0,100.0,400.0,200.0,100.0,100.0,200.0,2100.0,100.0,300.0,100.0,110.0,100.0,300.0,1200.0,100.0,600.0
2023-03-22 09:18:06,600519.0,1952.5,1902.56,1863.75,1861.97,1775.51,1775.01,1775.0,1771.5,1771.27,1771.15,1597.5,1597.52,1686.25,1760.0,1771.0,1771.11,1775.0,1776.99,1780.0,1781.0,500.0,700.0,200.0,100.0,100.0,400.0,200.0,100.0,100.0,200.0,300.0,100.0,300.0,100.0,110.0,100.0,300.0,1200.0,100.0,600.0
2023-03-22 09:18:07,600519.0,1952.5,1902.56,1863.75,1861.97,1775.51,1775.01,1775.0,1771.5,1771.27,1771.15,1597.5,1597.52,1686.25,1760.0,1771.0,1771.11,1775.0,1776.99,1780.0,1781.0,500.0,1400.0,800.0,100.0,100.0,400.0,200.0,100.0,100.0,200.0,1700.0,100.0,300.0,100.0,110.0,100.0,300.0,1200.0,100.0,600.0
2023-03-22 09:18:08,600519.0,1952.5,1902.56,1863.75,1861.97,1775.51,1775.01,1775.0,1771.5,1771.27,1771.15,1597.5,1597.52,1686.25,1760.0,1771.0,1771.11,1775.0,1776.99,1780.0,1781.0,500.0,1400.0,800.0,100.0,100.0,400.0,200.0,100.0,100.0,200.0,1700.0,100.0,300.0,100.0,110.0,100.0,300.0,1200.0,100.0,600.0
2023-03-22 09:18:09,600519.0,1952.5,1902.56,1863.75,1861.97,1775.51,1775.01,1775.0,1771.5,1771.27,1771.15,1597.5,1597.52,1686.25,1760.0,1771.0,1771.11,1775.0,1776.99,1780.0,1781.0,500.0,700.0,200.0,100.0,100.0,400.0,200.0,100.0,100.0,200.0,300.0,100.0,300.0,100.0,110.0,100.0,300.0,1200.0,100.0,600.0
2023-03-22 09:18:10,600519.0,1952.5,1902.56,1863.75,1861.97,1775.51,1775.01,1775.0,1771.5,1771.27,1771.15,1597.5,1597.52,1686.25,1760.0,1771.0,1771.11,1775.0,1776.99,1780.0,1781.0,500.0,1300.0,700.0,100.0,100.0,400.0,200.0,100.0,100.0,200.0,1500.0,100.0,300.0,100.0,110.0,100.0,300.0,1200.0,100.0,600.0
2023-03-22 09:18:11,600519.0,1952.5,1902.56,1863.75,1861.97,1775.51,1775.01,1775.0,1771.5,1771.27,1771.15,1597.5,1597.52,1686.25,1760.0,1771.0,1771.11,1775.0,1776.99,1780.0,1781.0,500.0,1300.0,700.0,100.0,100.0,400.0,200.0,100.0,100.0,200.0,1500.0,100.0,300.0,100.0,110.0,100.0,300.0,1200.0,100.0,600.0
2023-03-22 09:18:12,600519.0,1952.5,1902.56,1863.75,1861.97,1775.51,1775.01,1775.0,1771.5,1771.27,1771.15,1597.5,1597.52,1686.25,1760.0,1771.0,1771.11,1775.0,1776.99,1780.0,1781.0,500.0,700.0,700.0,100.0,100.0,400.0,200.0,100.0,100.0,200.0,300.0,100.0,300.0,100.0,110.0,100.0,300.0,1200.0,100.0,600.0
2023-03-22 09:18:13,600519.0,1952.5,1902.56,1863.75,1861.97,1775.51,1775.01,1775.0,1771.5,1771.27,1771.15,1597.5,1597.52,1686.25,1760.0,1771.0,1771.11,1775.0,1776.99,1780.0,1781.0,500.0,1200.0,700.0,100.0,100.0,400.0,200.0,100.0,100.0,200.0,1300.0,100.0,300.0,100.0,110.0,100.0,300.0,1200.0,100.0,600.0
2023-03-22 09:18:14,600519.0,1952.5,1902.56,1863.75,1861.97,1776.99,1775.51,1775.01,1775.0,1771.5,1771.27,1597.5,1597.52,1686.25,1760.0,1771.0,1771.11,1775.0,1776.99,1780.0,1781.0,500.0,1200.0,700.0,100.0,100.0,100.0,400.0,200.0,100.0,100.0,1300.0,100.0,300.0,100.0,110.0,100.0,300.0,1200.0,100.0,600.0
2023-03-22 09:18:17,600519.0,1952.5,1902.56,1863.75,1861.97,1776.99,1775.51,1775.01,1775.0,1771.5,1771.27,1597.5,1597.52,1686.25,1760.0,1771.0,1771.11,1775.0,1776.99,1780.0,1781.0,500.0,1200.0,700.0,100.0,100.0,100.0,400.0,200.0,100.0,100.0,1300.0,100.0,300.0,100.0,110.0,100.0,300.0,1200.0,100.0,600.0
2023-03-22 09:18:18,600519.0,1952.5,1902.56,1863.75,1861.97,1776.99,1775.51,1775.01,1775.0,1771.5,1771.27,1597.5,1597.52,1686.25,1760.0,1771.0,1771.11,1775.0,1776.99,1780.0,1781.0,500.0,1200.0,700.0,100.0,100.0,100.0,400.0,200.0,100.0,100.0,1300.0,100.0,300.0,100.0,110.0,100.0,300.0,1200.0,100.0,600.0
2023-03-22 09:18:19,600519.0,1952.5,1902.56,1863.75,1861.97,1776.99,1775.51,1775.01,1775.0,1771.5,1771.27,1597.5,1597.52,1686.25,1760.0,1771.0,1771.11,1775.0,1776.99,1780.0,1781.0,500.0,1200.0,700.0,100.0,100.0,100.0,400.0,200.0,100.0,100.0,1300.0,100.0,300.0,100.0,110.0,100.0,300.0,1200.0,100.0,600.0
2023-03-22 09:18:22,600519.0,1952.5,1902.56,1863.75,1861.97,1776.99,1775.51,1775.01,1775.0,1771.5,1771.27,1597.5,1597.52,1686.25,1760.0,1771.0,1771.11,1775.0,1776.99,1780.0,1781.0,500.0,1200.0,700.0,100.0,100.0,100.0,400.0,200.0,100.0,100.0,1300.0,100.0,300.0,100.0,110.0,100.0,300.0,1200.0,100.0,600.0
2023-03-22 09:18:23,600519.0,1952.5,1902.56,1863.75,1861.97,1776.99,1775.51,1775.01,1775.0,1771.5,1771.27,1597.5,1597.52,1686.25,1760.0,1771.0,1771.11,1775.0,1776.99,1780.0,1781.0,500.0,1200.0,700.0,100.0,100.0,100.0,400.0,200.0,100.0,100.0,1300.0,100.0,300.0,100.0,110.0,100.0,300.0,1200.0,100.0,600.0
2023-03-22 09:18:27,600519.0,1952.5,1902.56,1863.75,1861.97,1776.99,1775.51,1775.01,1775.0,1771.5,1771.27,1597.5,1597.52,1686.25,1760.0,1771.0,1771.11,1775.0,1776.99,1780.0,1781.0,500.0,1200.0,700.0,100.0,100.0,100.0,400.0,200.0,100.0,100.0,1300.0,100.0,300.0,100.0,110.0,100.0,300.0,1200.0,100.0,600.0
2023-03-22 09:18:29,600519.0,1952.5,1902.56,1863.75,1861.97,1776.99,1775.51,1775.01,1775.0,1771.5,1771.27,1597.5,1597.52,1686.25,1760.0,1771.0,1771.11,1775.0,1776.99,1780.0,1781.0,500.0,1200.0,700.0,100.0,100.0,100.0,400.0,200.0,100.0,100.0,1300.0,100.0,300.0,100.0,110.0,100.0,300.0,1200.0,100.0,600.0
2023-03-22 09:18:30,600519.0,1952.5,1902.56,1863.75,1861.97,1776.99,1775.51,1775.01,1775.0,1771.5,1771.27,1597.5,1597.52,1686.25,1760.0,1771.0,1771.11,1775.0,1776.99,1780.0,1781.0,500.0,1200.0,700.0,100.0,100.0,100.0,400.0,200.0,100.0,100.0,1300.0,100.0,300.0,100.0,110.0,100.0,300.0,1200.0,100.0,600.0
2023-03-22 09:18:31,600519.0,1952.5,1902.56,1863.75,1861.97,1776.99,1775.51,1775.01,1775.0,1771.5,1771.27,1597.5,1597.52,1686.25,1760.0,1771.0,1771.11,1775.0,1776.99,1780.0,1781.0,500.0,1200.0,700.0,100.0,100.0,100.0,400.0,200.0,100.0,100.0,1300.0,100.0,300.0,100.0,110.0,100.0,300.0,1200.0,100.0,600.0
2023-03-22 09:18:34,600519.0,1952.5,1902.56,1863.75,1861.97,1776.99,1775.51,1775.01,1775.0,1771.5,1771.27,1597.5,1597.52,1686.25,1760.0,1771.0,1771.11,1775.0,1776.99,1780.0,1781.0,500.0,1200.0,700.0,100.0,100.0,100.0,400.0,200.0,100.0,100.0,1300.0,100.0,300.0,100.0,110.0,100.0,300.0,1200.0,100.0,600.0
2023-03-22 09:18:37,600519.0,1952.5,1902.56,1863.75,1861.97,1776.99,1775.51,1775.01,1775.0,1771.5,1771.27,1597.5,1597.52,1686.25,1760.0,1771.0,1771.11,1775.0,1776.99,1780.0,1781.0,500.0,1200.0,700.0,100.0,100.0,100.0,400.0,200.0,100.0,100.0,1300.0,100.0,300.0,100.0,110.0,100.0,300.0,1200.0,100.0,600.0
2023-03-22 09:18:39,600519.0,1952.5,1902.56,1863.75,1861.97,1776.99,1775.51,1775.01,1775.0,1771.5,1771.27,1597.5,1597.52,1686.25,1760.0,1771.0,1771.11,1775.0,1776.99,1780.0,1781.0,500.0,1200.0,700.0,100.0,100.0,100.0,400.0,200.0,100.0,100.0,1300.0,100.0,300.0,100.0,110.0,100.0,300.0,1200.0,100.0,600.0
2023-03-22 09:18:40,600519.0,1952.5,1902.56,1863.75,1861.97,1776.99,1775.51,1775.01,1775.0,1771.5,1771.27,1597.5,1597.52,1686.25,1760.0,1771.0,1771.11,1775.0,1776.99,1780.0,1781.0,500.0,1200.0,700.0,100.0,100.0,100.0,400.0,200.0,100.0,100.0,1300.0,100.0,300.0,100.0,110.0,100.0,300.0,1200.0,100.0,600.0
2023-03-22 09:18:42,600519.0,1952.5,1902.56,1863.75,1861.97,1776.99,1775.51,1775.01,1775.0,1771.5,1771.27,1597.5,1597.52,1686.25,1760.0,1771.0,1771.11,1775.0,1776.99,1780.0,1781.0,500.0,1200.0,700.0,100.0,100.0,100.0,400.0,200.0,100.0,100.0,1300.0,100.0,300.0,100.0,110.0,100.0,300.0,1200.0,100.0,600.0
2023-03-22 09:18:43,600519.0,1952.5,1902.56,1863.75,1861.97,1776.99,1775.51,1775.01,1775.0,1771.5,1771.27,1597.5,1597.52,1686.25,1760.0,1771.0,1771.11,1775.0,1776.99,1780.0,1781.0,500.0,1200.0,700.0,100.0,100.0,100.0,400.0,200.0,100.0,100.0,1300.0,100.0,300.0,100.0,110.0,100.0,300.0,1200.0,100.0,600.0
2023-03-22 09:18:45,600519.0,1952.5,1902.56,1863.75,1861.97,1776.99,1775.51,1775.01,1775.0,1771.5,1771.27,1597.5,1597.52,1686.25,1760.0,1771.0,1771.11,1775.0,1776.99,1780.0,1781.0,500.0,1200.0,700.0,100.0,100.0,100.0,400.0,200.0,100.0,100.0,1300.0,100.0,300.0,100.0,110.0,100.0,300.0,1200.0,100.0,600.0
2023-03-22 09:18:46,600519.0,1952.5,1902.56,1863.75,1861.97,1776.99,1775.51,1775.01,1775.0,1771.5,1771.27,1597.5,1597.52,1686.25,1760.0,1771.0,1771.11,1775.0,1776.99,1780.0,1781.0,500.0,1200.0,700.0,100.0,100.0,100.0,400.0,200.0,100.0,100.0,1300.0,100.0,300.0,100.0,110.0,100.0,300.0,1200.0,100.0,600.0
2023-03-22 09:18:48,600519.0,1952.5,1902.56,1863.75,1861.97,1776.99,1775.51,1775.01,1775.0,1771.5,1771.27,1597.5,1597.52,1686.25,1760.0,1771.0,1771.11,1775.0,1776.99,1780.0,1781.0,500.0,1200.0,700.0,100.0,100.0,100.0,400.0,200.0,100.0,100.0,1300.0,100.0,300.0,100.0,110.0,100.0,300.0,1200.0,100.0,600.0
2023-03-22 09:18:50,600519.0,1952.5,1902.56,1863.75,1861.97,1776.99,1775.51,1775.01,1775.0,1771.5,1771.27,1597.5,1597.52,1686.25,1760.0,1771.0,1771.11,1775.0,1776.99,1780.0,1781.0,500.0,1200.0,700.0,100.0,100.0,100.0,400.0,200.0,100.0,100.0,1300.0,100.0,300.0,100.0,110.0,100.0,300.0,1200.0,100.0,600.0
2023-03-22 09:18:52,600519.0,1952.5,1902.56,1863.75,1861.97,1776.99,1775.51,1775.01,1775.0,1771.5,1771.27,1597.5,1597.52,1686.25,1760.0,1771.0,1771.11,1775.0,1776.99,1780.0,1781.0,500.0,1200.0,700.0,100.0,100.0,100.0,400.0,200.0,100.0,100.0,1300.0,100.0,300.0,100.0,110.0,100.0,300.0,1200.0,100.0,600.0
2023-03-22 09:18:55,600519.0,1952.5,1902.56,1863.75,1861.97,1776.99,1775.51,1775.01,1775.0,1771.5,1771.27,1597.5,1597.52,1686.25,1760.0,1771.0,1771.11,1775.0,1776.99,1780.0,1781.0,500.0,1200.0,700.0,100.0,100.0,100.0,400.0,200.0,100.0,100.0,1300.0,100.0,300.0,100.0,110.0,100.0,300.0,1200.0,100.0,600.0
2023-03-22 09:18:56,600519.0,1952.5,1902.56,1863.75,1861.97,1780.0,1776.99,1775.51,1775.01,1775.0,1771.5,1597.5,1597.52,1686.25,1760.0,1771.0,1771.11,1775.0,1776.99,1780.0,1781.0,500.0,1200.0,700.0,100.0,100.0,100.0,100.0,400.0,200.0,100.0,1300.0,100.0,300.0,100.0,110.0,100.0,300.0,1200.0,100.0,600.0
2023-03-22 09:18:57,600519.0,1952.5,1902.56,1863.75,1861.97,1780.0,1776.99,1775.51,1775.01,1775.0,1771.5,1597.5,1597.52,1686.25,1760.0,1771.0,1771.11,1775.0,1776.99,1780.0,1781.0,500.0,1300.0,700.0,100.0,100.0,100.0,100.0,400.0,200.0,100.0,1300.0,100.0,300.0,100.0,110.0,100.0,300.0,1200.0,100.0,600.0
2023-03-22 09:18:59,600519.0,1952.5,1902.56,1863.75,1861.97,1780.0,1776.99,1775.51,1775.01,1775.0,1771.5,1597.5,1597.52,1686.25,1760.0,1771.0,1771.11,1775.0,1776.99,1780.0,1781.0,500.0,1300.0,700.0,100.0,100.0,100.0,100.0,400.0,200.0,100.0,1300.0,100.0,300.0,100.0,110.0,100.0,300.0,1200.0,100.0,600.0
2023-03-22 09:19:00,600519.0,1952.5,1902.56,1863.75,1861.97,1780.0,1776.99,1775.51,1775.01,1775.0,1771.5,1597.5,1597.52,1686.25,1760.0,1771.0,1771.11,1775.0,1776.99,1780.0,1781.0,500.0,1300.0,700.0,100.0,100.0,100.0,100.0,400.0,200.0,100.0,1500.0,100.0,300.0,100.0,110.0,100.0,300.0,1200.0,100.0,600.0
2023-03-22 09:19:01,600519.0,1952.5,1902.56,1863.75,1861.97,1780.0,1776.99,1775.51,1775.01,1775.0,1771.5,1597.5,1597.52,1686.25,1760.0,1771.0,1771.11,1775.0,1776.99,1780.0,1781.0,500.0,1300.0,700.0,100.0,100.0,100.0,100.0,400.0,200.0,100.0,1500.0,100.0,300.0,100.0,110.0,100.0,300.0,1200.0,100.0,600.0
2023-03-22 09:19:02,600519.0,1952.5,1902.56,1863.75,1861.97,1780.0,1776.99,1775.51,1775.01,1775.0,1771.5,1597.5,1597.52,1686.25,1760.0,1771.0,1771.11,1775.0,1776.99,1780.0,1781.0,500.0,1300.0,700.0,100.0,100.0,100.0,100.0,400.0,200.0,100.0,1500.0,100.0,300.0,100.0,110.0,100.0,300.0,1200.0,100.0,600.0
2023-03-22 09:19:03,600519.0,1952.5,1902.56,1863.75,1861.97,1780.0,1776.99,1775.51,1775.01,1775.0,1771.5,1597.5,1597.52,1686.25,1760.0,1771.0,1771.11,1775.0,1776.99,1780.0,1781.0,500.0,1300.0,700.0,100.0,100.0,100.0,100.0,400.0,200.0,100.0,1500.0,100.0,300.0,100.0,110.0,100.0,300.0,1200.0,100.0,600.0
2023-03-22 09:19:06,600519.0,1952.5,1902.56,1863.75,1861.97,1780.0,1776.99,1775.51,1775.01,1775.0,1771.5,1597.5,1597.52,1686.25,1760.0,1771.0,1771.11,1775.0,1776.99,1780.0,1781.0,500.0,1300.0,700.0,100.0,100.0,100.0,100.0,400.0,200.0,100.0,1500.0,100.0,300.0,100.0,110.0,100.0,300.0,1200.0,100.0,600.0
2023-03-22 09:19:10,600519.0,1952.5,1902.56,1863.75,1861.97,1780.0,1776.99,1775.51,1775.01,1775.0,1771.5,1597.5,1597.52,1686.25,1760.0,1771.0,1771.11,1775.0,1776.99,1780.0,1781.0,500.0,1300.0,700.0,100.0,100.0,100.0,100.0,400.0,200.0,100.0,1500.0,100.0,300.0,100.0,110.0,100.0,300.0,1200.0,100.0,600.0
2023-03-22 09:19:11,600519.0,1952.5,1902.56,1863.75,1861.97,1780.0,1776.99,1775.51,1775.01,1775.0,1771.5,1597.5,1597.52,1686.25,1760.0,1771.0,1771.11,1775.0,1776.99,1780.0,1781.0,500.0,1300.0,700.0,100.0,100.0,100.0,100.0,400.0,200.0,100.0,1500.0,100.0,300.0,100.0,110.0,100.0,300.0,1200.0,100.0,600.0
2023-03-22 09:19:13,600519.0,1952.5,1902.56,1863.75,1861.97,1780.0,1776.99,1775.51,1775.01,1775.0,1771.5,1597.5,1597.52,1686.25,1760.0,1771.0,1771.11,1775.0,1776.99,1780.0,1781.0,500.0,1300.0,700.0,100.0,100.0,100.0,100.0,400.0,200.0,100.0,1500.0,100.0,300.0,100.0,110.0,100.0,300.0,1200.0,100.0,600.0
2023-03-22 09:19:15,600519.0,1952.5,1902.56,1863.75,1861.97,1780.0,1776.99,1775.51,1775.01,1775.0,1771.5,1597.5,1597.52,1686.25,1760.0,1771.0,1771.11,1775.0,1776.99,1780.0,1781.0,500.0,1300.0,700.0,100.0,100.0,100.0,100.0,400.0,200.0,100.0,1500.0,100.0,300.0,100.0,110.0,100.0,300.0,1200.0,100.0,600.0
2023-03-22 09:19:16,600519.0,1952.5,1902.56,1863.75,1861.97,1780.0,1776.99,1775.51,1775.01,1775.0,1771.5,1597.5,1597.52,1686.25,1760.0,1771.0,1771.11,1775.0,1776.99,1780.0,1781.0,500.0,1300.0,700.0,100.0,100.0,100.0,100.0,400.0,200.0,100.0,1500.0,100.0,300.0,100.0,110.0,100.0,300.0,1200.0,100.0,600.0
2023-03-22 09:19:17,600519.0,1952.5,1902.56,1863.75,1861.97,1780.0,1776.99,1775.51,1775.01,1775.0,1771.5,1597.5,1597.52,1686.25,1760.0,1771.0,1771.11,1775.0,1776.99,1780.0,1781.0,500.0,1300.0,700.0,100.0,100.0,100.0,100.0,400.0,200.0,100.0,1500.0,100.0,300.0,100.0,110.0,100.0,300.0,1200.0,100.0,600.0
2023-03-22 09:19:18,600519.0,1952.5,1902.56,1863.75,1861.97,1780.0,1776.99,1775.51,1775.01,1775.0,1771.5,1597.5,1597.52,1686.25,1760.0,1771.0,1771.11,1775.0,1776.99,1780.0,1781.0,500.0,1300.0,700.0,100.0,100.0,100.0,100.0,400.0,200.0,100.0,1500.0,100.0,300.0,100.0,110.0,100.0,300.0,1200.0,100.0,600.0
2023-03-22 09:19:22,600519.0,1952.5,1902.56,1863.75,1861.97,1780.0,1776.99,1775.51,1775.01,1775.0,1771.5,1597.5,1597.52,1686.25,1760.0,1771.0,1771.11,1775.0,1776.99,1780.0,1781.0,500.0,1300.0,700.0,100.0,100.0,100.0,100.0,400.0,200.0,100.0,1500.0,100.0,300.0,100.0,110.0,100.0,300.0,1200.0,100.0,600.0
2023-03-22 09:19:23,600519.0,1952.5,1902.56,1863.75,1861.97,1780.0,1776.99,1775.51,1775.01,1775.0,1771.5,1597.5,1597.52,1686.25,1760.0,1771.0,1771.11,1775.0,1776.99,1780.0,1781.0,500.0,1300.0,700.0,100.0,100.0,100.0,100.0,400.0,200.0,100.0,1500.0,100.0,300.0,100.0,110.0,100.0,300.0,1200.0,100.0,600.0
2023-03-22 09:19:25,600519.0,1952.5,1902.56,1863.75,1861.97,1780.0,1776.99,1775.51,1775.01,1775.0,1771.5,1597.5,1597.52,1686.25,1760.0,1771.0,1771.11,1775.0,1776.99,1780.0,1781.0,500.0,1300.0,700.0,100.0,100.0,100.0,100.0,400.0,200.0,100.0,1500.0,100.0,300.0,100.0,110.0,100.0,300.0,1200.0,100.0,600.0
2023-03-22 09:19:26,600519.0,1952.5,1902.56,1863.75,1861.97,1780.0,1776.99,1775.51,1775.01,1775.0,1771.5,1597.5,1597.52,1686.25,1760.0,1771.0,1771.11,1775.0,1776.99,1780.0,1781.0,500.0,1300.0,700.0,100.0,100.0,100.0,100.0,400.0,200.0,100.0,1500.0,100.0,300.0,100.0,110.0,100.0,300.0,1200.0,100.0,600.0
2023-03-22 09:19:27,600519.0,1952.5,1902.56,1863.75,1861.97,1780.0,1776.99,1775.51,1775.01,1775.0,1771.5,1597.5,1597.52,1686.25,1760.0,1771.0,1771.11,1775.0,1776.99,1780.0,1781.0,500.0,1300.0,700.0,100.0,100.0,200.0,100.0,400.0,200.0,100.0,1500.0,100.0,300.0,100.0,110.0,100.0,300.0,1200.0,100.0,600.0
2023-03-22 09:19:28,600519.0,1952.5,1902.56,1863.75,1861.97,1780.0,1776.99,1775.51,1775.01,1775.0,1771.5,1597.5,1597.52,1686.25,1760.0,1771.0,1771.11,1775.0,1776.99,1780.0,1781.0,500.0,1300.0,700.0,100.0,100.0,200.0,100.0,400.0,200.0,100.0,1500.0,100.0,300.0,100.0,110.0,100.0,300.0,1200.0,100.0,600.0
2023-03-22 09:19:30,600519.0,1952.5,1902.56,1863.75,1861.97,1780.0,1776.99,1775.51,1775.01,1775.0,1771.5,1597.5,1597.52,1686.25,1760.0,1771.0,1771.11,1775.0,1776.99,1780.0,1781.0,500.0,1300.0,700.0,100.0,100.0,200.0,100.0,400.0,200.0,100.0,1500.0,100.0,300.0,100.0,110.0,100.0,300.0,1200.0,100.0,600.0
2023-03-22 09:19:33,600519.0,1952.5,1902.56,1863.75,1861.97,1780.0,1776.99,1775.51,1775.01,1775.0,1771.5,1597.5,1597.52,1686.25,1760.0,1771.0,1771.11,1775.0,1776.99,1780.0,1781.0,500.0,1300.0,700.0,100.0,100.0,200.0,100.0,400.0,200.0,100.0,1500.0,100.0,300.0,100.0,110.0,100.0,300.0,1200.0,100.0,600.0
2023-03-22 09:19:35,600519.0,1952.5,1902.56,1863.75,1861.97,1780.0,1776.99,1775.51,1775.01,1775.0,1771.5,1597.5,1597.52,1686.25,1760.0,1771.0,1771.11,1775.0,1776.99,1780.0,1781.0,500.0,1300.0,700.0,100.0,100.0,200.0,100.0,400.0,200.0,100.0,1500.0,100.0,300.0,100.0,110.0,100.0,300.0,1200.0,100.0,600.0
2023-03-22 09:19:37,600519.0,1952.5,1902.56,1863.75,1861.97,1780.0,1776.99,1775.51,1775.01,1775.0,1771.5,1597.5,1597.52,1686.25,1760.0,1771.0,1771.11,1775.0,1776.99,1780.0,1781.0,500.0,1300.0,700.0,100.0,100.0,200.0,100.0,400.0,200.0,100.0,1500.0,100.0,300.0,100.0,110.0,100.0,300.0,1200.0,100.0,600.0
2023-03-22 09:19:40,600519.0,1952.5,1902.56,1863.75,1861.97,1780.0,1776.99,1775.51,1775.01,1775.0,1771.5,1597.5,1597.52,1686.25,1760.0,1771.0,1771.11,1775.0,1776.99,1780.0,1781.0,500.0,1300.0,700.0,100.0,100.0,200.0,100.0,400.0,200.0,100.0,1500.0,100.0,300.0,100.0,110.0,100.0,300.0,1200.0,200.0,600.0
2023-03-22 09:19:44,600519.0,1952.5,1902.56,1863.75,1861.97,1780.0,1776.99,1775.51,1775.01,1775.0,1771.5,1597.5,1597.52,1686.25,1760.0,1770.0,1771.0,1771.11,1775.0,1776.99,1780.0,500.0,1300.0,700.0,100.0,100.0,200.0,100.0,400.0,200.0,100.0,1500.0,100.0,300.0,100.0,100.0,110.0,100.0,300.0,1200.0,200.0
2023-03-22 09:19:45,600519.0,1952.5,1902.56,1863.75,1861.97,1780.0,1776.99,1775.51,1775.01,1775.0,1771.5,1597.5,1597.52,1686.25,1760.0,1770.0,1771.0,1771.11,1775.0,1776.99,1780.0,500.0,1300.0,700.0,100.0,100.0,200.0,100.0,400.0,200.0,100.0,1500.0,100.0,300.0,100.0,100.0,110.0,100.0,300.0,1200.0,200.0
2023-03-22 09:19:48,600519.0,1952.5,1902.56,1863.75,1861.97,1780.0,1776.99,1775.51,1775.01,1775.0,1771.5,1597.5,1597.52,1686.25,1760.0,1770.0,1771.0,1771.11,1775.0,1776.99,1780.0,500.0,1300.0,700.0,100.0,100.0,200.0,100.0,400.0,200.0,100.0,1500.0,100.0,300.0,100.0,100.0,110.0,100.0,300.0,1200.0,200.0
2023-03-22 09:19:51,600519.0,1952.5,1902.56,1863.75,1861.97,1780.0,1776.99,1775.51,1775.01,1775.0,1771.5,1597.5,1597.52,1686.25,1760.0,1770.0,1771.0,1771.11,1775.0,1776.99,1780.0,500.0,1300.0,700.0,100.0,100.0,200.0,100.0,400.0,200.0,100.0,1500.0,100.0,300.0,100.0,100.0,110.0,100.0,300.0,1200.0,200.0
2023-03-22 09:19:52,600519.0,1952.5,1902.56,1863.75,1861.97,1780.0,1776.99,1775.51,1775.01,1775.0,1771.5,1597.5,1597.52,1686.25,1760.0,1770.0,1771.0,1771.11,1775.0,1776.99,1780.0,500.0,1300.0,600.0,100.0,100.0,200.0,100.0,400.0,200.0,100.0,1500.0,100.0,300.0,100.0,100.0,110.0,100.0,300.0,1200.0,200.0
2023-03-22 09:19:53,600519.0,1952.5,1902.56,1863.75,1861.97,1780.0,1776.99,1775.51,1775.01,1775.0,1771.5,1597.5,1597.52,1686.25,1760.0,1770.0,1771.0,1771.11,1775.0,1776.99,1780.0,500.0,1300.0,600.0,100.0,100.0,200.0,100.0,400.0,200.0,100.0,1500.0,100.0,300.0,100.0,100.0,110.0,100.0,300.0,1200.0,200.0
2023-03-22 09:19:54,600519.0,1952.5,1902.56,1863.75,1861.97,1780.0,1776.99,1775.51,1775.01,1775.0,1771.5,1597.5,1597.52,1686.25,1760.0,1770.0,1771.0,1771.11,1775.0,1776.99,1780.0,500.0,1300.0,600.0,100.0,100.0,200.0,100.0,400.0,200.0,100.0,1500.0,100.0,300.0,100.0,100.0,110.0,100.0,300.0,1200.0,200.0
2023-03-22 09:19:55,600519.0,1952.5,1902.56,1863.75,1861.97,1780.0,1776.99,1775.51,1775.01,1775.0,1771.5,1597.5,1597.52,1686.25,1760.0,1770.0,1771.0,1771.11,1775.0,1776.99,1780.0,500.0,1300.0,600.0,100.0,100.0,200.0,100.0,400.0,200.0,100.0,1500.0,100.0,300.0,100.0,100.0,110.0,100.0,300.0,1200.0,200.0
2023-03-22 09:19:56,600519.0,1952.5,1902.56,1863.75,1861.97,1780.0,1776.99,1775.51,1775.01,1775.0,1771.5,1597.5,1597.52,1686.25,1760.0,1770.0,1771.0,1771.11,1775.0,1776.99,1780.0,500.0,1300.0,600.0,100.0,100.0,200.0,100.0,400.0,200.0,100.0,1500.0,100.0,300.0,100.0,100.0,110.0,100.0,300.0,1200.0,200.0
2023-03-22 09:19:57,600519.0,1952.5,1902.56,1863.75,1861.97,1780.0,1776.99,1775.51,1775.01,1775.0,1771.5,1597.5,1597.52,1686.25,1760.0,1770.0,1771.0,1771.11,1775.0,1776.99,1780.0,500.0,1300.0,600.0,100.0,100.0,200.0,100.0,400.0,200.0,100.0,1500.0,100.0,300.0,100.0,100.0,110.0,100.0,300.0,1300.0,200.0
2023-03-22 09:19:59,600519.0,1952.5,1902.56,1863.75,1861.97,1780.0,1776.99,1775.51,1775.01,1775.0,1771.5,1597.5,1597.52,1686.25,1760.0,1770.0,1771.0,1771.11,1775.0,1776.99,1780.0,500.0,1300.0,600.0,100.0,100.0,200.0,100.0,400.0,200.0,100.0,1500.0,100.0,300.0,100.0,100.0,110.0,100.0,300.0,1300.0,200.0
2023-03-22 09:20:00,600519.0,1952.5,1902.56,1863.75,1861.97,1780.0,1776.99,1775.51,1775.01,1775.0,1771.5,1597.5,1597.52,1686.25,1760.0,1770.0,1771.0,1771.11,1775.0,1776.99,1780.0,500.0,1300.0,600.0,100.0,100.0,200.0,100.0,400.0,200.0,100.0,1700.0,100.0,300.0,100.0,100.0,110.0,100.0,300.0,1300.0,200.0
2023-03-22 09:20:01,600519.0,1952.5,1902.56,1863.75,1863.74,1861.97,1780.0,1776.99,1775.51,1775.01,1775.0,1597.5,1597.52,1686.25,1686.26,1760.0,1770.0,1771.0,1771.11,1775.0,1776.99,500.0,1300.0,600.0,100.0,100.0,100.0,500.0,100.0,400.0,200.0,1800.0,100.0,300.0,100.0,100.0,100.0,110.0,100.0,300.0,1300.0
2023-03-22 09:20:02,600519.0,1952.5,1902.56,1863.75,1863.74,1861.97,1780.0,1776.99,1775.51,1775.01,1775.0,1597.5,1597.52,1686.25,1686.26,1686.43,1760.0,1770.0,1771.0,1771.11,1775.0,500.0,1300.0,600.0,100.0,100.0,100.0,500.0,100.0,400.0,200.0,1800.0,100.0,300.0,100.0,193.0,100.0,100.0,110.0,100.0,300.0
2023-03-22 09:20:03,600519.0,1952.5,1902.56,1863.75,1863.74,1861.97,1780.0,1776.99,1775.51,1775.01,1775.0,1597.5,1597.52,1686.25,1686.26,1686.43,1760.0,1770.0,1771.0,1771.11,1775.0,500.0,1400.0,700.0,100.0,100.0,100.0,500.0,100.0,400.0,200.0,2000.0,100.0,300.0,100.0,193.0,100.0,100.0,110.0,100.0,300.0
2023-03-22 09:20:04,600519.0,1952.5,1902.56,1863.75,1863.74,1861.97,1780.0,1776.99,1775.51,1775.01,1775.0,1597.5,1597.52,1686.25,1686.26,1686.43,1760.0,1770.0,1771.0,1771.11,1775.0,500.0,1400.0,700.0,100.0,100.0,100.0,500.0,100.0,400.0,200.0,2000.0,100.0,300.0,100.0,193.0,100.0,100.0,110.0,100.0,300.0
2023-03-22 09:20:06,600519.0,1952.5,1902.56,1863.75,1863.74,1861.97,1780.0,1776.99,1775.51,1775.01,1775.0,1597.5,1597.52,1686.25,1686.26,1686.43,1760.0,1770.0,1771.0,1771.11,1775.0,500.0,1400.0,700.0,100.0,100.0,100.0,500.0,100.0,400.0,200.0,2000.0,100.0,300.0,100.0,193.0,100.0,100.0,110.0,100.0,300.0
2023-03-22 09:20:09,600519.0,1952.5,1902.56,1863.75,1863.74,1861.97,1780.0,1776.99,1775.51,1775.01,1775.0,1597.5,1597.52,1686.25,1686.26,1686.43,1760.0,1770.0,1771.0,1771.11,1775.0,500.0,1400.0,700.0,100.0,100.0,100.0,500.0,100.0,400.0,200.0,2000.0,100.0,300.0,100.0,193.0,100.0,100.0,110.0,100.0,300.0
2023-03-22 09:20:10,600519.0,1952.5,1902.56,1863.75,1863.74,1861.97,1780.0,1776.99,1775.51,1775.01,1775.0,1597.5,1597.52,1686.25,1686.26,1686.43,1760.0,1770.0,1771.0,1771.11,1775.0,900.0,1400.0,700.0,100.0,100.0,100.0,500.0,100.0,400.0,200.0,2000.0,100.0,300.0,100.0,193.0,100.0,100.0,110.0,100.0,300.0
2023-03-22 09:20:11,600519.0,1952.5,1902.56,1863.75,1863.74,1861.97,1780.0,1776.99,1775.51,1775.01,1775.0,1597.5,1597.52,1686.25,1686.26,1686.43,1760.0,1770.0,1771.0,1771.11,1775.0,900.0,1400.0,800.0,100.0,100.0,100.0,500.0,100.0,400.0,200.0,2000.0,100.0,300.0,100.0,193.0,100.0,100.0,110.0,100.0,300.0
2023-03-22 09:20:12,600519.0,1952.5,1902.56,1863.75,1863.74,1861.97,1780.0,1776.99,1775.51,1775.01,1775.0,1597.5,1597.52,1686.25,1686.26,1686.43,1760.0,1770.0,1771.0,1771.11,1775.0,900.0,1500.0,900.0,100.0,100.0,100.0,500.0,100.0,400.0,200.0,2200.0,100.0,300.0,100.0,193.0,100.0,100.0,110.0,100.0,300.0
2023-03-22 09:20:14,600519.0,1952.5,1902.56,1863.75,1863.74,1861.97,1780.0,1776.99,1775.51,1775.01,1775.0,1597.5,1597.52,1686.25,1686.26,1686.43,1760.0,1770.0,1771.0,1771.11,1775.0,900.0,1500.0,900.0,100.0,100.0,100.0,500.0,100.0,400.0,200.0,2200.0,100.0,300.0,100.0,193.0,100.0,100.0,110.0,100.0,300.0
2023-03-22 09:20:15,600519.0,1952.5,1902.56,1863.75,1863.74,1861.97,1780.0,1776.99,1775.51,1775.01,1775.0,1597.5,1597.52,1686.25,1686.26,1686.43,1760.0,1770.0,1771.0,1771.11,1775.0,1000.0,1600.0,1000.0,100.0,100.0,100.0,500.0,100.0,400.0,200.0,2400.0,100.0,300.0,100.0,193.0,100.0,100.0,110.0,100.0,300.0
2023-03-22 09:20:18,600519.0,1952.5,1902.56,1863.75,1863.74,1861.97,1780.0,1776.99,1775.51,1775.01,1775.0,1597.5,1597.52,1686.25,1686.26,1686.43,1760.0,1770.0,1771.0,1771.11,1775.0,1000.0,1600.0,1000.0,100.0,100.0,100.0,500.0,100.0,400.0,200.0,2400.0,100.0,300.0,100.0,193.0,100.0,100.0,110.0,100.0,300.0
2023-03-22 09:20:19,600519.0,1952.5,1902.56,1863.75,1863.74,1861.97,1780.0,1776.99,1775.51,1775.01,1775.0,1597.5,1597.52,1686.25,1686.26,1686.43,1760.0,1770.0,1771.0,1771.11,1775.0,1000.0,1600.0,1000.0,100.0,100.0,100.0,500.0,100.0,400.0,200.0,2400.0,100.0,300.0,100.0,193.0,100.0,100.0,110.0,100.0,300.0
2023-03-22 09:20:20,600519.0,1952.5,1902.56,1863.75,1863.74,1861.97,1780.0,1776.99,1775.51,1775.01,1775.0,1597.5,1597.52,1686.25,1686.26,1686.43,1760.0,1770.0,1771.0,1771.11,1775.0,1000.0,1600.0,1000.0,100.0,100.0,100.0,500.0,100.0,400.0,200.0,2400.0,100.0,300.0,100.0,193.0,100.0,100.0,110.0,100.0,300.0
2023-03-22 09:20:23,600519.0,1952.5,1902.56,1863.75,1863.74,1861.97,1780.0,1776.99,1775.51,1775.01,1775.0,1597.5,1597.52,1686.25,1686.26,1686.43,1760.0,1770.0,1771.0,1771.11,1775.0,1000.0,1600.0,1000.0,100.0,100.0,100.0,500.0,100.0,400.0,200.0,2400.0,100.0,300.0,100.0,193.0,100.0,100.0,110.0,100.0,300.0
2023-03-22 09:20:24,600519.0,1952.5,1902.56,1863.75,1863.74,1861.97,1780.0,1776.99,1775.51,1775.01,1775.0,1597.5,1597.52,1686.25,1686.26,1686.43,1760.0,1770.0,1771.0,1771.11,1775.0,1000.0,1600.0,1000.0,100.0,100.0,100.0,500.0,100.0,400.0,200.0,2400.0,100.0,300.0,100.0,193.0,100.0,100.0,110.0,100.0,300.0
2023-03-22 09:20:26,600519.0,1952.5,1902.56,1863.75,1863.74,1861.97,1780.0,1776.99,1775.51,1775.01,1775.0,1597.5,1597.52,1686.25,1686.26,1686.43,1760.0,1770.0,1771.0,1771.11,1775.0,1000.0,1600.0,1000.0,100.0,100.0,100.0,500.0,100.0,400.0,200.0,2400.0,100.0,300.0,100.0,193.0,100.0,100.0,110.0,100.0,300.0
2023-03-22 09:20:28,600519.0,1952.5,1902.56,1863.75,1863.74,1861.97,1780.0,1776.99,1775.51,1775.01,1775.0,1597.5,1597.52,1686.25,1686.26,1686.43,1760.0,1770.0,1771.0,1771.11,1775.0,1000.0,1600.0,1000.0,100.0,100.0,100.0,500.0,100.0,400.0,200.0,2400.0,100.0,300.0,100.0,193.0,100.0,100.0,110.0,100.0,300.0
2023-03-22 09:20:30,600519.0,1952.5,1902.56,1863.75,1863.74,1861.97,1780.0,1776.99,1775.51,1775.01,1775.0,1597.5,1597.52,1686.25,1686.26,1686.43,1760.0,1770.0,1771.0,1771.11,1775.0,1000.0,1600.0,1000.0,100.0,100.0,100.0,500.0,100.0,400.0,200.0,2400.0,100.0,300.0,100.0,193.0,100.0,100.0,110.0,100.0,300.0
2023-03-22 09:20:33,600519.0,1952.5,1902.56,1863.75,1863.74,1861.97,1780.0,1776.99,1775.51,1775.01,1775.0,1597.5,1597.52,1686.25,1686.26,1686.43,1760.0,1770.0,1771.0,1771.11,1775.0,1000.0,1600.0,1000.0,100.0,100.0,100.0,500.0,100.0,400.0,200.0,2400.0,100.0,300.0,100.0,193.0,100.0,100.0,110.0,100.0,300.0
2023-03-22 09:20:35,600519.0,1952.5,1902.56,1863.75,1863.74,1861.97,1780.0,1776.99,1775.51,1775.01,1775.0,1597.5,1597.52,1686.25,1686.26,1686.43,1760.0,1770.0,1771.0,1771.11,1775.0,1000.0,1600.0,1000.0,100.0,100.0,100.0,500.0,100.0,400.0,200.0,2400.0,100.0,300.0,100.0,193.0,100.0,100.0,110.0,100.0,300.0
2023-03-22 09:20:36,600519.0,1952.5,1902.56,1863.75,1863.74,1861.97,1780.0,1776.99,1775.51,1775.01,1775.0,1597.5,1597.52,1686.25,1686.26,1686.43,1760.0,1770.0,1771.0,1771.11,1775.0,1000.0,1600.0,1000.0,100.0,100.0,100.0,500.0,100.0,400.0,200.0,2400.0,100.0,300.0,100.0,193.0,100.0,100.0,110.0,100.0,300.0
2023-03-22 09:20:41,600519.0,1952.5,1902.56,1863.75,1863.74,1861.97,1780.0,1776.99,1775.51,1775.01,1775.0,1597.5,1597.52,1686.25,1686.26,1686.43,1760.0,1770.0,1771.0,1771.11,1775.0,1000.0,1600.0,1000.0,100.0,100.0,100.0,500.0,100.0,400.0,200.0,2400.0,100.0,300.0,100.0,193.0,100.0,100.0,110.0,100.0,300.0
2023-03-22 09:20:42,600519.0,1952.5,1902.56,1863.75,1863.74,1861.97,1780.0,1776.99,1775.51,1775.01,1775.0,1597.5,1597.52,1686.25,1686.26,1686.43,1760.0,1770.0,1771.0,1771.11,1775.0,1000.0,1600.0,1000.0,100.0,100.0,100.0,500.0,100.0,400.0,200.0,2400.0,100.0,300.0,100.0,193.0,100.0,100.0,110.0,100.0,300.0
2023-03-22 09:20:44,600519.0,1952.5,1902.56,1863.75,1863.74,1861.97,1780.0,1776.99,1775.51,1775.01,1775.0,1597.5,1597.52,1686.25,1686.26,1686.43,1760.0,1770.0,1771.0,1771.11,1775.0,1000.0,1600.0,1000.0,100.0,100.0,100.0,500.0,100.0,400.0,200.0,2400.0,100.0,300.0,100.0,193.0,100.0,100.0,110.0,100.0,300.0
2023-03-22 09:20:45,600519.0,1952.5,1902.56,1863.75,1863.74,1861.97,1780.0,1776.99,1775.51,1775.01,1775.0,1597.5,1597.52,1686.25,1686.26,1686.43,1760.0,1770.0,1771.0,1771.11,1775.0,1000.0,1600.0,1000.0,100.0,100.0,100.0,500.0,100.0,400.0,200.0,2400.0,100.0,300.0,100.0,193.0,100.0,100.0,110.0,100.0,300.0
2023-03-22 09:20:46,600519.0,1952.5,1902.56,1863.75,1863.74,1861.97,1780.0,1776.99,1775.51,1775.01,1775.0,1597.5,1597.52,1686.25,1686.26,1686.43,1760.0,1770.0,1771.0,1771.11,1775.0,1000.0,1600.0,1000.0,100.0,100.0,100.0,500.0,100.0,400.0,300.0,2400.0,100.0,300.0,100.0,193.0,100.0,100.0,110.0,100.0,300.0
2023-03-22 09:20:49,600519.0,1952.5,1902.56,1863.75,1863.74,1861.97,1780.0,1776.99,1775.51,1775.01,1775.0,1597.5,1597.52,1686.25,1686.26,1686.43,1760.0,1770.0,1771.0,1771.11,1775.0,1000.0,1600.0,1000.0,100.0,100.0,100.0,500.0,100.0,400.0,300.0,2400.0,100.0,300.0,100.0,193.0,100.0,100.0,110.0,100.0,300.0
2023-03-22 09:20:50,600519.0,1952.5,1902.56,1863.75,1863.74,1861.97,1780.0,1776.99,1775.51,1775.01,1775.0,1597.5,1597.52,1686.25,1686.26,1686.43,1760.0,1770.0,1771.0,1771.11,1775.0,1000.0,1600.0,1000.0,100.0,100.0,100.0,500.0,100.0,400.0,300.0,2400.0,100.0,300.0,100.0,193.0,100.0,100.0,110.0,100.0,300.0
2023-03-22 09:20:51,600519.0,1952.5,1902.56,1863.75,1863.74,1861.97,1780.0,1776.99,1775.51,1775.01,1775.0,1597.5,1597.52,1686.25,1686.26,1686.43,1760.0,1770.0,1771.0,1771.11,1775.0,1000.0,1600.0,1000.0,100.0,100.0,100.0,500.0,100.0,400.0,300.0,2400.0,100.0,300.0,100.0,193.0,100.0,100.0,110.0,100.0,300.0
2023-03-22 09:20:54,600519.0,1952.5,1902.56,1863.75,1863.74,1861.97,1780.0,1776.99,1775.51,1775.01,1775.0,1597.5,1597.52,1686.25,1686.26,1686.43,1760.0,1770.0,1771.0,1771.11,1775.0,1000.0,1600.0,1000.0,100.0,100.0,100.0,500.0,100.0,400.0,300.0,2400.0,100.0,300.0,100.0,193.0,100.0,100.0,110.0,100.0,300.0
2023-03-22 09:20:57,600519.0,1952.5,1902.56,1863.75,1863.74,1861.97,1780.0,1776.99,1775.51,1775.01,1775.0,1597.5,1597.52,1686.25,1686.26,1686.43,1760.0,1770.0,1771.0,1771.11,1775.0,1000.0,1600.0,1000.0,100.0,100.0,100.0,500.0,100.0,400.0,300.0,2400.0,100.0,300.0,100.0,193.0,100.0,100.0,110.0,100.0,300.0
2023-03-22 09:20:58,600519.0,1952.5,1902.56,1863.75,1863.74,1861.97,1780.0,1776.99,1775.51,1775.01,1775.0,1597.5,1597.52,1686.25,1686.26,1686.43,1760.0,1770.0,1771.0,1771.11,1775.0,1000.0,1600.0,1000.0,100.0,100.0,100.0,500.0,100.0,400.0,300.0,2400.0,100.0,300.0,100.0,193.0,100.0,100.0,110.0,100.0,300.0
2023-03-22 09:20:59,600519.0,1952.5,1902.56,1863.75,1863.74,1861.97,1780.0,1776.99,1775.51,1775.01,1775.0,1597.5,1597.52,1686.25,1686.26,1686.43,1760.0,1770.0,1771.0,1771.11,1775.0,1000.0,1600.0,1000.0,100.0,100.0,100.0,500.0,100.0,400.0,300.0,2400.0,100.0,300.0,100.0,193.0,100.0,100.0,110.0,100.0,300.0
2023-03-22 09:21:00,600519.0,1952.5,1902.56,1863.75,1863.74,1861.97,1780.0,1776.99,1775.51,1775.01,1775.0,1597.5,1597.52,1686.25,1686.26,1686.43,1760.0,1770.0,1771.0,1771.11,1775.0,1000.0,1700.0,1100.0,100.0,100.0,100.0,600.0,100.0,400.0,300.0,2400.0,100.0,300.0,100.0,193.0,100.0,100.0,110.0,100.0,300.0
2023-03-22 09:21:01,600519.0,1952.5,1902.56,1863.75,1863.74,1861.97,1780.0,1776.99,1775.51,1775.01,1775.0,1597.5,1597.52,1686.25,1686.26,1686.43,1760.0,1770.0,1771.0,1771.11,1775.0,1000.0,1700.0,1100.0,100.0,100.0,100.0,600.0,100.0,400.0,300.0,2400.0,100.0,300.0,100.0,193.0,100.0,100.0,110.0,100.0,300.0
2023-03-22 09:21:03,600519.0,1952.5,1902.56,1863.75,1863.74,1861.97,1780.0,1776.99,1775.51,1775.01,1775.0,1597.5,1597.52,1686.25,1686.26,1686.43,1760.0,1770.0,1771.0,1771.11,1775.0,1000.0,1700.0,1100.0,100.0,100.0,100.0,600.0,100.0,400.0,300.0,2600.0,100.0,300.0,100.0,193.0,100.0,100.0,110.0,100.0,300.0
2023-03-22 09:21:05,600519.0,1952.5,1902.56,1863.75,1863.74,1861.97,1780.0,1776.99,1775.51,1775.01,1775.0,1597.5,1597.52,1686.25,1686.26,1686.43,1760.0,1770.0,1771.0,1771.11,1775.0,1000.0,1700.0,1100.0,100.0,100.0,100.0,600.0,100.0,400.0,300.0,2600.0,100.0,300.0,100.0,193.0,100.0,100.0,110.0,100.0,300.0
2023-03-22 09:21:07,600519.0,1952.5,1902.56,1863.75,1863.74,1861.97,1780.0,1776.99,1775.51,1775.01,1775.0,1597.5,1597.52,1686.25,1686.26,1686.43,1760.0,1770.0,1771.0,1771.11,1775.0,1000.0,1700.0,1100.0,100.0,100.0,100.0,600.0,100.0,400.0,300.0,2600.0,100.0,300.0,100.0,193.0,100.0,100.0,110.0,100.0,300.0
2023-03-22 09:21:10,600519.0,1952.5,1902.56,1863.75,1863.74,1861.97,1780.0,1776.99,1775.51,1775.01,1775.0,1597.5,1597.52,1686.25,1686.26,1686.43,1760.0,1770.0,1771.0,1771.11,1775.0,1000.0,1700.0,1100.0,100.0,100.0,100.0,600.0,100.0,400.0,300.0,2600.0,100.0,300.0,100.0,193.0,100.0,100.0,110.0,100.0,300.0
2023-03-22 09:21:12,600519.0,1952.5,1902.56,1863.75,1863.74,1861.97,1780.0,1776.99,1775.51,1775.01,1775.0,1597.5,1597.52,1686.25,1686.26,1686.43,1760.0,1770.0,1771.0,1771.11,1775.0,1000.0,1700.0,1100.0,100.0,100.0,100.0,600.0,100.0,400.0,300.0,2600.0,100.0,300.0,100.0,193.0,100.0,100.0,110.0,100.0,300.0
2023-03-22 09:21:14,600519.0,1952.5,1902.56,1863.75,1863.74,1861.97,1780.0,1776.99,1775.51,1775.01,1775.0,1597.5,1597.52,1686.25,1686.26,1686.43,1760.0,1770.0,1771.0,1771.11,1775.0,1000.0,1700.0,1100.0,100.0,100.0,100.0,600.0,100.0,400.0,300.0,2600.0,100.0,300.0,100.0,193.0,100.0,100.0,110.0,100.0,300.0
2023-03-22 09:21:17,600519.0,1952.5,1902.56,1863.75,1863.74,1861.97,1780.0,1776.99,1775.51,1775.01,1775.0,1597.5,1597.52,1686.25,1686.26,1686.43,1760.0,1770.0,1771.0,1771.11,1775.0,1000.0,1700.0,1100.0,100.0,100.0,100.0,600.0,100.0,400.0,300.0,2600.0,100.0,300.0,100.0,193.0,100.0,100.0,110.0,100.0,300.0
2023-03-22 09:21:18,600519.0,1952.5,1902.56,1863.75,1863.74,1861.97,1780.0,1776.99,1775.51,1775.01,1775.0,1597.5,1597.52,1686.25,1686.26,1686.43,1760.0,1770.0,1771.0,1771.11,1775.0,1000.0,1700.0,1100.0,100.0,100.0,100.0,600.0,100.0,400.0,300.0,2600.0,100.0,300.0,100.0,193.0,100.0,100.0,110.0,100.0,300.0
2023-03-22 09:21:20,600519.0,1952.5,1902.56,1863.75,1863.74,1861.97,1780.0,1778.0,1776.99,1775.51,1775.01,1597.5,1597.52,1686.25,1686.26,1686.43,1760.0,1770.0,1771.0,1771.11,1775.0,1000.0,1700.0,1100.0,100.0,100.0,100.0,100.0,600.0,100.0,400.0,2600.0,100.0,300.0,100.0,193.0,100.0,100.0,110.0,100.0,300.0
2023-03-22 09:21:21,600519.0,1952.5,1902.56,1863.75,1863.74,1863.57,1861.97,1780.0,1779.0,1778.0,1776.99,1597.5,1597.52,1686.25,1686.26,1686.43,1760.0,1770.0,1771.0,1771.11,1775.0,1000.0,1800.0,1200.0,100.0,100.0,100.0,100.0,300.0,100.0,600.0,2800.0,100.0,300.0,100.0,193.0,100.0,100.0,110.0,100.0,300.0
2023-03-22 09:21:22,600519.0,1952.5,1902.56,1863.75,1863.74,1863.57,1861.97,1780.0,1779.0,1778.0,1776.99,1597.5,1597.52,1686.25,1686.26,1686.43,1760.0,1770.0,1771.0,1771.11,1775.0,1100.0,1800.0,1200.0,100.0,100.0,100.0,100.0,300.0,100.0,600.0,2800.0,100.0,300.0,100.0,193.0,100.0,100.0,110.0,100.0,300.0
2023-03-22 09:21:24,600519.0,1952.5,1902.56,1863.75,1863.74,1863.57,1861.97,1780.0,1779.0,1778.0,1776.99,1597.5,1597.52,1686.25,1686.26,1686.43,1760.0,1770.0,1771.0,1771.11,1775.0,1100.0,1900.0,1300.0,100.0,100.0,100.0,100.0,300.0,100.0,600.0,3000.0,100.0,300.0,100.0,193.0,100.0,100.0,110.0,100.0,300.0
2023-03-22 09:21:25,600519.0,1952.5,1902.56,1863.75,1863.74,1863.57,1861.97,1780.0,1779.0,1778.0,1776.99,1597.5,1597.52,1686.25,1686.26,1686.43,1760.0,1770.0,1771.0,1771.11,1775.0,1100.0,1900.0,1300.0,100.0,100.0,100.0,100.0,300.0,100.0,600.0,3000.0,100.0,300.0,100.0,193.0,100.0,100.0,110.0,100.0,300.0
2023-03-22 09:21:27,600519.0,1952.5,1902.56,1863.75,1863.74,1863.57,1861.97,1780.0,1779.0,1778.0,1776.99,1597.5,1597.52,1686.25,1686.26,1686.43,1760.0,1770.0,1771.0,1771.11,1775.0,1100.0,1900.0,1300.0,100.0,100.0,100.0,100.0,300.0,100.0,600.0,3000.0,100.0,300.0,100.0,193.0,100.0,100.0,110.0,100.0,300.0
2023-03-22 09:21:28,600519.0,1952.5,1902.56,1863.75,1863.74,1863.57,1861.97,1780.0,1779.0,1778.0,1776.99,1597.5,1597.52,1686.25,1686.26,1686.43,1760.0,1770.0,1771.0,1771.11,1775.0,1200.0,1900.0,1300.0,100.0,100.0,100.0,100.0,300.0,100.0,600.0,3000.0,100.0,300.0,100.0,193.0,100.0,100.0,110.0,100.0,300.0
2023-03-22 09:21:29,600519.0,1952.5,1902.56,1863.75,1863.74,1863.57,1861.97,1780.0,1779.0,1778.0,1776.99,1597.5,1597.52,1686.25,1686.26,1686.43,1760.0,1770.0,1771.0,1771.11,1775.0,1200.0,1900.0,1300.0,100.0,100.0,100.0,100.0,300.0,100.0,600.0,3000.0,100.0,300.0,100.0,193.0,100.0,100.0,110.0,100.0,300.0
2023-03-22 09:21:30,600519.0,1952.5,1902.56,1863.75,1863.74,1863.57,1861.97,1780.0,1779.0,1778.0,1776.99,1597.5,1597.52,1686.25,1686.26,1686.43,1760.0,1770.0,1771.0,1771.11,1775.0,1200.0,2000.0,1300.0,100.0,100.0,100.0,100.0,300.0,100.0,600.0,3000.0,100.0,300.0,100.0,193.0,100.0,100.0,110.0,100.0,300.0
2023-03-22 09:21:31,600519.0,1952.5,1902.56,1863.75,1863.74,1863.57,1861.97,1780.0,1779.0,1778.0,1776.99,1597.5,1597.52,1686.25,1686.26,1686.43,1760.0,1770.0,1771.0,1771.11,1775.0,1200.0,2000.0,1300.0,100.0,100.0,100.0,100.0,300.0,100.0,600.0,3000.0,100.0,300.0,100.0,193.0,100.0,100.0,110.0,100.0,300.0
2023-03-22 09:21:32,600519.0,1952.5,1902.56,1863.75,1863.74,1863.57,1861.97,1780.0,1779.0,1778.0,1776.99,1597.5,1597.52,1686.25,1686.26,1686.43,1760.0,1770.0,1771.0,1771.11,1775.0,1200.0,2000.0,1300.0,100.0,100.0,100.0,100.0,300.0,100.0,600.0,3000.0,100.0,300.0,100.0,193.0,100.0,100.0,110.0,100.0,300.0
2023-03-22 09:21:33,600519.0,1952.5,1902.56,1863.75,1863.74,1863.57,1861.97,1780.0,1779.0,1778.0,1776.99,1597.5,1597.52,1686.25,1686.26,1686.43,1760.0,1770.0,1771.0,1771.11,1775.0,1200.0,2000.0,1300.0,100.0,100.0,100.0,100.0,300.0,100.0,600.0,3000.0,100.0,300.0,100.0,193.0,100.0,100.0,110.0,100.0,300.0
2023-03-22 09:21:34,600519.0,1952.5,1902.56,1863.75,1863.74,1863.57,1861.97,1780.0,1779.0,1778.0,1776.99,1597.5,1597.52,1686.25,1686.26,1686.43,1730.0,1760.0,1770.0,1771.0,1771.11,1200.0,2000.0,1300.0,100.0,100.0,100.0,100.0,300.0,100.0,600.0,3000.0,100.0,300.0,100.0,193.0,100.0,100.0,100.0,110.0,100.0
2023-03-22 09:21:38,600519.0,1952.5,1902.56,1863.75,1863.74,1863.57,1861.97,1780.0,1779.0,1778.0,1776.99,1597.5,1597.52,1686.25,1686.26,1686.43,1730.0,1760.0,1770.0,1771.0,1771.11,1200.0,2000.0,1300.0,100.0,100.0,100.0,100.0,300.0,100.0,600.0,3000.0,100.0,300.0,100.0,193.0,100.0,100.0,100.0,110.0,100.0
2023-03-22 09:21:39,600519.0,1952.5,1902.56,1863.75,1863.74,1863.57,1861.97,1780.0,1779.0,1778.0,1776.99,1597.5,1597.52,1686.25,1686.26,1686.43,1730.0,1760.0,1770.0,1771.0,1771.11,1200.0,2000.0,1300.0,100.0,100.0,100.0,100.0,300.0,100.0,600.0,3000.0,100.0,300.0,100.0,193.0,100.0,100.0,100.0,110.0,100.0
2023-03-22 09:21:40,600519.0,1952.5,1902.56,1863.75,1863.74,1863.57,1861.97,1780.0,1779.0,1778.0,1776.99,1597.5,1597.52,1686.25,1686.26,1686.43,1730.0,1760.0,1770.0,1771.0,1771.11,1200.0,2000.0,1300.0,100.0,100.0,100.0,100.0,300.0,100.0,600.0,3000.0,100.0,300.0,100.0,193.0,100.0,100.0,100.0,110.0,100.0
2023-03-22 09:21:41,600519.0,1952.5,1902.56,1863.75,1863.74,1863.57,1861.97,1780.0,1779.0,1778.0,1776.99,1597.5,1597.52,1686.25,1686.26,1686.43,1730.0,1760.0,1770.0,1771.0,1771.11,1200.0,2000.0,1300.0,100.0,100.0,100.0,100.0,300.0,100.0,600.0,3000.0,100.0,300.0,100.0,193.0,100.0,100.0,100.0,110.0,100.0
2023-03-22 09:21:42,600519.0,1952.5,1902.56,1863.75,1863.74,1863.57,1861.97,1780.0,1779.0,1778.0,1776.99,1597.5,1597.52,1686.25,1686.26,1686.43,1730.0,1760.0,1770.0,1771.0,1771.11,1200.0,2000.0,1300.0,100.0,100.0,100.0,100.0,300.0,100.0,600.0,3000.0,100.0,300.0,100.0,193.0,100.0,100.0,100.0,110.0,100.0
2023-03-22 09:21:43,600519.0,1952.5,1902.56,1863.75,1863.74,1863.57,1861.97,1780.0,1779.0,1778.0,1776.99,1597.5,1597.52,1686.25,1686.26,1686.43,1730.0,1760.0,1770.0,1771.0,1771.11,1200.0,2000.0,1300.0,100.0,100.0,100.0,100.0,300.0,100.0,600.0,3000.0,100.0,300.0,100.0,193.0,100.0,100.0,100.0,110.0,100.0
2023-03-22 09:21:44,600519.0,1952.5,1902.56,1863.75,1863.74,1863.57,1861.97,1780.0,1779.0,1778.0,1776.99,1597.5,1597.52,1686.25,1686.26,1686.43,1730.0,1760.0,1770.0,1771.0,1771.11,1200.0,2000.0,1300.0,100.0,100.0,100.0,100.0,300.0,100.0,600.0,3000.0,100.0,300.0,100.0,193.0,100.0,100.0,100.0,110.0,100.0
2023-03-22 09:21:46,600519.0,1952.5,1902.56,1863.75,1863.74,1863.57,1861.97,1780.0,1779.0,1778.0,1776.99,1597.5,1597.52,1686.25,1686.26,1686.43,1730.0,1760.0,1770.0,1771.0,1771.11,1200.0,2000.0,1300.0,100.0,100.0,100.0,100.0,300.0,100.0,600.0,3000.0,100.0,300.0,100.0,193.0,100.0,100.0,100.0,110.0,100.0
2023-03-22 09:21:47,600519.0,1952.5,1902.56,1863.75,1863.74,1863.57,1861.97,1780.0,1779.0,1778.0,1776.99,1597.5,1597.52,1686.25,1686.26,1686.43,1730.0,1760.0,1770.0,1771.0,1771.11,1200.0,2000.0,1300.0,100.0,100.0,100.0,100.0,300.0,100.0,600.0,3000.0,100.0,300.0,100.0,193.0,100.0,100.0,100.0,110.0,100.0
2023-03-22 09:21:48,600519.0,1952.5,1902.56,1863.75,1863.74,1863.57,1861.97,1780.0,1779.0,1778.0,1776.99,1597.5,1597.52,1686.25,1686.26,1686.43,1730.0,1760.0,1770.0,1771.0,1771.11,1200.0,2000.0,1300.0,100.0,100.0,100.0,100.0,300.0,100.0,600.0,3000.0,100.0,300.0,100.0,193.0,100.0,100.0,100.0,110.0,100.0
2023-03-22 09:21:49,600519.0,1952.5,1902.56,1863.75,1863.74,1863.57,1861.97,1780.0,1779.0,1778.0,1776.99,1597.5,1597.52,1686.25,1686.26,1686.43,1730.0,1760.0,1770.0,1771.0,1771.11,1200.0,2000.0,1300.0,100.0,100.0,100.0,100.0,300.0,100.0,600.0,3000.0,100.0,300.0,100.0,193.0,100.0,100.0,100.0,110.0,100.0
2023-03-22 09:21:50,600519.0,1952.5,1902.56,1863.75,1863.74,1863.57,1861.97,1780.0,1779.0,1778.0,1776.99,1597.5,1597.52,1686.25,1686.26,1686.43,1730.0,1760.0,1770.0,1771.0,1771.11,1200.0,2000.0,1300.0,100.0,100.0,100.0,100.0,300.0,100.0,600.0,3000.0,100.0,300.0,100.0,193.0,100.0,100.0,100.0,110.0,100.0
2023-03-22 09:21:52,600519.0,1952.5,1902.56,1863.75,1863.74,1863.57,1861.97,1780.0,1779.0,1778.0,1776.99,1597.5,1597.52,1686.25,1686.26,1686.43,1730.0,1760.0,1770.0,1771.0,1771.11,1200.0,2000.0,1300.0,100.0,100.0,100.0,100.0,300.0,100.0,600.0,3000.0,100.0,300.0,100.0,193.0,100.0,100.0,100.0,110.0,100.0
2023-03-22 09:21:53,600519.0,1952.5,1902.56,1863.75,1863.74,1863.57,1861.97,1780.0,1779.0,1778.0,1776.99,1597.5,1597.52,1686.25,1686.26,1686.43,1730.0,1760.0,1770.0,1771.0,1771.11,1200.0,2000.0,1300.0,100.0,100.0,100.0,100.0,300.0,100.0,700.0,3000.0,100.0,300.0,100.0,193.0,100.0,100.0,100.0,110.0,100.0
2023-03-22 09:21:54,600519.0,1952.5,1902.56,1863.75,1863.74,1863.57,1861.97,1780.0,1779.0,1778.0,1776.99,1597.5,1597.52,1686.25,1686.26,1686.43,1730.0,1760.0,1770.0,1771.0,1771.11,1200.0,2000.0,1400.0,100.0,100.0,100.0,100.0,300.0,100.0,700.0,3200.0,100.0,300.0,100.0,193.0,100.0,100.0,100.0,110.0,100.0
2023-03-22 09:21:57,600519.0,1952.5,1902.56,1863.75,1863.74,1863.57,1861.97,1780.0,1779.0,1778.0,1776.99,1597.5,1597.52,1686.25,1686.26,1686.43,1730.0,1760.0,1770.0,1771.0,1771.11,1200.0,2000.0,1400.0,100.0,100.0,100.0,100.0,300.0,100.0,700.0,3200.0,100.0,300.0,100.0,193.0,100.0,100.0,100.0,110.0,100.0
2023-03-22 09:21:58,600519.0,1952.5,1902.56,1863.75,1863.74,1863.57,1861.97,1780.0,1779.0,1778.0,1776.99,1597.5,1597.52,1686.25,1686.26,1686.43,1730.0,1760.0,1770.0,1771.0,1771.11,1200.0,2000.0,1400.0,100.0,100.0,100.0,100.0,300.0,100.0,700.0,3200.0,100.0,300.0,100.0,193.0,100.0,100.0,100.0,110.0,100.0
2023-03-22 09:21:59,600519.0,1952.5,1902.56,1863.75,1863.74,1863.57,1861.97,1780.0,1779.0,1778.0,1776.99,1597.5,1597.52,1686.25,1686.26,1686.43,1730.0,1760.0,1770.0,1771.0,1771.11,1200.0,2000.0,1400.0,100.0,100.0,100.0,100.0,300.0,100.0,700.0,3200.0,100.0,300.0,100.0,193.0,100.0,100.0,100.0,110.0,100.0
2023-03-22 09:22:00,600519.0,1952.5,1902.56,1863.75,1863.74,1863.57,1861.97,1780.0,1779.0,1778.0,1776.99,1597.5,1597.52,1686.25,1686.26,1686.43,1730.0,1760.0,1770.0,1771.0,1771.11,1200.0,2000.0,1400.0,100.0,100.0,100.0,100.0,300.0,100.0,700.0,3200.0,100.0,300.0,100.0,193.0,100.0,100.0,100.0,110.0,100.0
2023-03-22 09:22:03,600519.0,1952.5,1902.56,1863.75,1863.74,1863.57,1861.97,1780.0,1779.0,1778.0,1776.99,1597.5,1597.52,1686.25,1686.26,1686.43,1730.0,1760.0,1770.0,1771.0,1771.11,1200.0,2000.0,1400.0,100.0,100.0,100.0,100.0,300.0,100.0,700.0,3200.0,100.0,300.0,100.0,193.0,100.0,100.0,100.0,110.0,100.0
2023-03-22 09:22:06,600519.0,1952.5,1902.56,1863.75,1863.74,1863.57,1861.97,1780.0,1779.0,1778.0,1776.99,1597.5,1597.52,1686.25,1686.26,1686.43,1730.0,1760.0,1770.0,1771.0,1771.11,1200.0,2000.0,1400.0,100.0,100.0,100.0,100.0,300.0,100.0,700.0,3200.0,100.0,300.0,100.0,193.0,100.0,100.0,100.0,110.0,100.0
2023-03-22 09:22:08,600519.0,1952.5,1902.56,1863.75,1863.74,1863.57,1861.97,1780.0,1779.0,1778.0,1776.99,1597.5,1597.52,1686.25,1686.26,1686.43,1730.0,1760.0,1770.0,1771.0,1771.11,1200.0,2000.0,1400.0,100.0,100.0,100.0,100.0,300.0,100.0,700.0,3200.0,100.0,300.0,100.0,193.0,100.0,100.0,100.0,110.0,100.0
2023-03-22 09:22:10,600519.0,1952.5,1902.56,1863.75,1863.74,1863.57,1861.97,1780.0,1779.0,1778.0,1776.99,1597.5,1597.52,1686.25,1686.26,1686.43,1730.0,1760.0,1770.0,1771.0,1771.11,1200.0,2000.0,1400.0,100.0,100.0,100.0,100.0,300.0,100.0,700.0,3200.0,100.0,300.0,100.0,193.0,100.0,100.0,100.0,110.0,100.0
2023-03-22 09:22:11,600519.0,1952.5,1902.56,1863.75,1863.74,1863.57,1861.97,1780.0,1779.0,1778.0,1776.99,1597.5,1597.52,1686.25,1686.26,1686.43,1730.0,1760.0,1770.0,1771.0,1771.11,1200.0,2000.0,1400.0,100.0,100.0,100.0,100.0,300.0,100.0,700.0,3200.0,100.0,300.0,100.0,193.0,100.0,100.0,100.0,110.0,100.0
2023-03-22 09:22:12,600519.0,1952.5,1902.56,1863.75,1863.74,1863.57,1861.97,1780.0,1779.0,1778.0,1776.99,1597.5,1597.52,1686.25,1686.26,1686.43,1730.0,1760.0,1770.0,1771.0,1771.11,1200.0,2000.0,1400.0,100.0,100.0,100.0,100.0,300.0,100.0,700.0,3200.0,100.0,300.0,100.0,193.0,100.0,100.0,100.0,110.0,100.0
2023-03-22 09:22:14,600519.0,1952.5,1902.56,1863.75,1863.74,1863.57,1861.97,1780.0,1779.0,1778.0,1776.99,1597.5,1597.52,1686.25,1686.26,1686.43,1730.0,1760.0,1770.0,1771.0,1771.11,1200.0,2000.0,1400.0,100.0,100.0,100.0,100.0,300.0,100.0,700.0,3200.0,100.0,300.0,100.0,193.0,100.0,100.0,100.0,110.0,100.0
2023-03-22 09:22:15,600519.0,1952.5,1902.56,1863.75,1863.74,1863.57,1861.97,1780.0,1779.0,1778.0,1776.99,1597.5,1597.52,1686.25,1686.26,1686.43,1730.0,1760.0,1770.0,1771.0,1771.11,1200.0,2000.0,1400.0,100.0,100.0,100.0,100.0,300.0,100.0,700.0,3200.0,100.0,300.0,100.0,193.0,100.0,100.0,100.0,110.0,100.0
2023-03-22 09:22:16,600519.0,1952.5,1902.56,1863.75,1863.74,1863.57,1861.97,1780.0,1779.0,1778.0,1776.99,1597.5,1597.52,1686.25,1686.26,1686.43,1730.0,1760.0,1770.0,1771.0,1771.11,1200.0,2000.0,1400.0,100.0,100.0,100.0,100.0,300.0,100.0,700.0,3200.0,100.0,300.0,100.0,193.0,100.0,100.0,100.0,110.0,100.0
2023-03-22 09:22:19,600519.0,1952.5,1902.56,1863.75,1863.74,1863.57,1861.97,1780.0,1779.0,1778.0,1776.99,1597.5,1597.52,1686.25,1686.26,1686.43,1730.0,1760.0,1770.0,1771.0,1771.11,1200.0,2000.0,1400.0,100.0,100.0,100.0,100.0,300.0,100.0,700.0,3600.0,100.0,300.0,100.0,193.0,100.0,100.0,100.0,110.0,100.0
2023-03-22 09:22:21,600519.0,1952.5,1902.56,1863.75,1863.74,1863.57,1861.97,1780.0,1779.0,1778.0,1776.99,1597.5,1597.52,1686.25,1686.26,1686.43,1730.0,1760.0,1770.0,1771.0,1771.11,1200.0,2000.0,1400.0,100.0,100.0,100.0,100.0,300.0,100.0,700.0,3600.0,100.0,300.0,100.0,193.0,100.0,100.0,100.0,110.0,100.0
2023-03-22 09:22:22,600519.0,1952.5,1902.56,1863.75,1863.74,1863.57,1861.97,1780.0,1779.0,1778.0,1776.99,1597.5,1597.52,1686.25,1686.26,1686.43,1730.0,1760.0,1770.0,1771.0,1771.11,1200.0,2000.0,1400.0,100.0,100.0,100.0,100.0,300.0,100.0,700.0,3600.0,100.0,300.0,100.0,193.0,100.0,100.0,100.0,110.0,100.0
2023-03-22 09:22:24,600519.0,1952.5,1902.56,1863.75,1863.74,1863.57,1861.97,1780.0,1779.0,1778.0,1776.99,1597.5,1597.52,1686.25,1686.26,1686.43,1730.0,1760.0,1770.0,1771.0,1771.11,1200.0,2000.0,1400.0,100.0,100.0,100.0,100.0,300.0,100.0,700.0,3600.0,100.0,300.0,100.0,193.0,100.0,100.0,100.0,110.0,100.0
2023-03-22 09:22:27,600519.0,1952.5,1902.56,1863.75,1863.74,1863.57,1861.97,1780.0,1779.0,1778.0,1776.99,1597.5,1597.52,1686.25,1686.26,1686.43,1730.0,1760.0,1770.0,1771.0,1771.11,1200.0,2000.0,1400.0,100.0,100.0,100.0,100.0,300.0,100.0,700.0,3600.0,100.0,300.0,100.0,193.0,100.0,100.0,100.0,110.0,100.0
2023-03-22 09:22:28,600519.0,1952.5,1902.56,1863.75,1863.74,1863.57,1861.97,1780.0,1779.0,1778.0,1776.99,1597.5,1597.52,1686.25,1686.26,1686.43,1730.0,1760.0,1770.0,1771.0,1771.11,1200.0,2000.0,1400.0,100.0,100.0,100.0,100.0,300.0,100.0,700.0,3600.0,100.0,300.0,100.0,193.0,100.0,100.0,100.0,110.0,100.0
2023-03-22 09:22:29,600519.0,1952.5,1902.56,1863.75,1863.74,1863.57,1861.97,1780.0,1779.0,1778.0,1776.99,1597.5,1597.52,1686.25,1686.26,1686.43,1730.0,1760.0,1770.0,1771.0,1771.11,1200.0,2000.0,1400.0,100.0,100.0,100.0,100.0,300.0,100.0,700.0,3600.0,100.0,300.0,100.0,193.0,100.0,100.0,100.0,110.0,100.0
2023-03-22 09:22:34,600519.0,1952.5,1902.56,1863.75,1863.74,1863.57,1861.97,1780.0,1779.0,1778.0,1776.99,1597.5,1597.52,1686.25,1686.26,1686.43,1730.0,1760.0,1770.0,1771.0,1771.11,1200.0,2000.0,1400.0,100.0,100.0,100.0,100.0,300.0,100.0,700.0,3600.0,100.0,300.0,100.0,193.0,100.0,100.0,100.0,110.0,100.0
2023-03-22 09:22:35,600519.0,1952.5,1902.56,1863.75,1863.74,1863.57,1861.97,1780.0,1779.0,1778.0,1776.99,1597.5,1597.52,1686.25,1686.26,1686.43,1730.0,1760.0,1770.0,1771.0,1771.11,1200.0,2000.0,1400.0,100.0,100.0,100.0,100.0,300.0,100.0,700.0,3600.0,100.0,300.0,100.0,193.0,100.0,100.0,100.0,110.0,100.0
2023-03-22 09:22:36,600519.0,1952.5,1902.56,1863.75,1863.74,1863.57,1861.97,1780.0,1779.0,1778.0,1776.99,1597.5,1597.52,1686.25,1686.26,1686.43,1730.0,1760.0,1770.0,1771.0,1771.11,1200.0,2000.0,1400.0,100.0,100.0,100.0,100.0,300.0,100.0,700.0,3600.0,100.0,300.0,100.0,193.0,100.0,100.0,100.0,110.0,100.0
2023-03-22 09:22:41,600519.0,1952.5,1902.56,1863.75,1863.74,1863.57,1861.97,1780.0,1779.0,1778.0,1776.99,1597.5,1597.52,1686.25,1686.26,1686.43,1730.0,1760.0,1770.0,1771.0,1771.11,1200.0,2000.0,1400.0,100.0,100.0,100.0,100.0,300.0,100.0,700.0,3600.0,100.0,300.0,100.0,193.0,100.0,100.0,100.0,110.0,100.0
2023-03-22 09:22:47,600519.0,1952.5,1902.56,1863.75,1863.74,1863.57,1861.97,1780.0,1779.0,1778.0,1776.99,1597.5,1597.52,1686.25,1686.26,1686.43,1730.0,1760.0,1770.0,1771.0,1771.11,1200.0,2000.0,1400.0,100.0,100.0,100.0,100.0,300.0,100.0,700.0,3600.0,100.0,300.0,100.0,193.0,100.0,100.0,100.0,110.0,100.0
2023-03-22 09:22:49,600519.0,1952.5,1902.56,1863.75,1863.74,1863.57,1861.97,1780.0,1779.0,1778.0,1776.99,1597.5,1597.52,1686.25,1686.26,1686.43,1730.0,1760.0,1770.0,1771.0,1771.11,1200.0,2000.0,1400.0,100.0,100.0,100.0,100.0,300.0,100.0,700.0,3600.0,100.0,300.0,100.0,193.0,100.0,100.0,100.0,110.0,100.0
2023-03-22 09:22:50,600519.0,1952.5,1902.56,1863.75,1863.74,1863.57,1861.97,1780.0,1779.0,1778.0,1776.99,1597.5,1597.52,1686.25,1686.26,1686.43,1730.0,1760.0,1770.0,1771.0,1771.11,1200.0,2000.0,1400.0,100.0,100.0,100.0,100.0,300.0,100.0,700.0,3600.0,100.0,300.0,100.0,193.0,100.0,100.0,100.0,110.0,100.0
2023-03-22 09:22:51,600519.0,1952.5,1902.56,1863.75,1863.74,1863.57,1861.97,1780.0,1779.0,1778.0,1776.99,1597.5,1597.52,1686.25,1686.26,1686.43,1730.0,1760.0,1770.0,1771.0,1771.11,1200.0,2000.0,1400.0,100.0,100.0,100.0,100.0,300.0,100.0,700.0,3600.0,100.0,300.0,100.0,193.0,100.0,100.0,100.0,110.0,100.0
2023-03-22 09:22:52,600519.0,1952.5,1902.56,1863.75,1863.74,1863.57,1861.97,1780.0,1779.0,1778.0,1776.99,1597.5,1597.52,1686.25,1686.26,1686.43,1730.0,1760.0,1770.0,1771.0,1771.11,1200.0,2000.0,1400.0,100.0,100.0,100.0,100.0,300.0,100.0,700.0,3600.0,100.0,300.0,100.0,193.0,100.0,100.0,100.0,110.0,100.0
2023-03-22 09:22:53,600519.0,1952.5,1902.56,1863.75,1863.74,1863.57,1861.97,1780.0,1779.0,1778.0,1776.99,1597.5,1597.52,1686.25,1686.26,1686.43,1730.0,1760.0,1770.0,1771.0,1771.11,1200.0,2000.0,1400.0,100.0,100.0,100.0,100.0,300.0,100.0,700.0,3600.0,100.0,300.0,100.0,193.0,100.0,100.0,100.0,110.0,100.0
2023-03-22 09:22:54,600519.0,1952.5,1902.56,1863.75,1863.74,1863.57,1861.97,1780.0,1779.0,1778.0,1776.99,1597.5,1597.52,1686.25,1686.26,1686.43,1730.0,1760.0,1770.0,1771.0,1771.11,1200.0,2000.0,1400.0,100.0,100.0,100.0,100.0,300.0,100.0,700.0,3600.0,100.0,300.0,100.0,193.0,100.0,100.0,100.0,110.0,100.0
2023-03-22 09:22:55,600519.0,1952.5,1902.56,1863.75,1863.74,1863.57,1861.97,1780.0,1779.0,1778.0,1776.99,1597.5,1597.52,1686.25,1686.26,1686.43,1730.0,1760.0,1770.0,1771.0,1771.11,1200.0,2000.0,1400.0,100.0,100.0,100.0,100.0,300.0,100.0,700.0,3600.0,100.0,300.0,100.0,193.0,100.0,100.0,100.0,110.0,100.0
2023-03-22 09:22:57,600519.0,1952.5,1902.56,1863.75,1863.74,1863.57,1861.97,1780.0,1779.0,1778.0,1776.99,1597.5,1597.52,1686.25,1686.26,1686.43,1730.0,1760.0,1770.0,1771.0,1771.11,1200.0,2000.0,1400.0,100.0,100.0,100.0,100.0,300.0,100.0,700.0,3600.0,100.0,300.0,100.0,193.0,100.0,100.0,100.0,110.0,100.0
2023-03-22 09:23:00,600519.0,1952.5,1902.56,1863.75,1863.74,1863.57,1861.97,1780.0,1779.0,1778.0,1776.99,1597.5,1597.52,1686.25,1686.26,1686.43,1730.0,1760.0,1770.0,1771.0,1771.11,1200.0,2000.0,1400.0,100.0,100.0,100.0,100.0,300.0,100.0,700.0,3600.0,100.0,300.0,100.0,193.0,100.0,100.0,100.0,110.0,100.0
2023-03-22 09:23:02,600519.0,1952.5,1902.56,1863.75,1863.74,1863.57,1861.97,1780.0,1779.0,1778.0,1776.99,1597.5,1597.52,1686.25,1686.26,1686.43,1730.0,1760.0,1770.0,1771.0,1771.11,1200.0,2000.0,1400.0,100.0,100.0,100.0,100.0,300.0,100.0,700.0,3600.0,100.0,300.0,100.0,193.0,100.0,100.0,100.0,110.0,100.0
2023-03-22 09:23:10,600519.0,1952.5,1902.56,1863.75,1863.74,1863.57,1861.97,1780.0,1779.0,1778.0,1776.99,1597.5,1597.52,1686.25,1686.26,1686.43,1730.0,1760.0,1770.0,1771.0,1771.11,1200.0,2000.0,1400.0,100.0,100.0,100.0,100.0,300.0,100.0,700.0,3600.0,100.0,300.0,100.0,193.0,100.0,100.0,100.0,110.0,100.0
2023-03-22 09:23:11,600519.0,1952.5,1902.56,1863.75,1863.74,1863.57,1861.97,1780.0,1779.0,1778.0,1776.99,1597.5,1597.52,1686.25,1686.26,1686.43,1730.0,1760.0,1770.0,1771.0,1771.11,1200.0,2000.0,1400.0,100.0,100.0,100.0,100.0,300.0,100.0,700.0,3600.0,100.0,300.0,100.0,193.0,100.0,100.0,100.0,110.0,100.0
2023-03-22 09:23:13,600519.0,1952.5,1902.56,1863.75,1863.74,1863.57,1861.97,1780.0,1779.0,1778.0,1776.99,1597.5,1597.52,1686.25,1686.26,1686.43,1730.0,1760.0,1770.0,1771.0,1771.11,1200.0,2000.0,1400.0,100.0,100.0,100.0,100.0,300.0,100.0,700.0,3600.0,100.0,300.0,100.0,193.0,100.0,100.0,100.0,110.0,100.0
2023-03-22 09:23:14,600519.0,1952.5,1902.56,1863.75,1863.74,1863.57,1861.97,1780.0,1779.0,1778.0,1776.99,1597.5,1597.52,1686.25,1686.26,1686.43,1730.0,1760.0,1770.0,1771.0,1771.11,1200.0,2000.0,1400.0,100.0,100.0,100.0,100.0,300.0,100.0,700.0,3600.0,100.0,300.0,100.0,193.0,100.0,100.0,100.0,110.0,100.0
2023-03-22 09:23:15,600519.0,1952.5,1902.56,1863.75,1863.74,1863.57,1861.97,1780.0,1779.0,1778.0,1776.99,1597.5,1597.52,1686.25,1686.26,1686.43,1730.0,1760.0,1770.0,1771.0,1771.11,1200.0,2000.0,1400.0,100.0,100.0,100.0,100.0,300.0,100.0,700.0,3600.0,100.0,300.0,100.0,193.0,100.0,100.0,100.0,110.0,100.0
2023-03-22 09:23:16,600519.0,1952.5,1902.56,1863.75,1863.74,1863.57,1861.97,1780.0,1779.0,1778.0,1776.99,1597.5,1597.52,1686.25,1686.26,1686.43,1730.0,1760.0,1770.0,1771.0,1771.11,1200.0,2000.0,1400.0,100.0,100.0,100.0,100.0,300.0,100.0,700.0,3600.0,100.0,300.0,100.0,193.0,100.0,100.0,100.0,110.0,100.0
2023-03-22 09:23:17,600519.0,1952.5,1902.56,1863.75,1863.74,1863.57,1861.97,1780.0,1779.0,1778.0,1776.99,1597.5,1597.52,1686.25,1686.26,1686.43,1730.0,1760.0,1770.0,1771.0,1771.11,1200.0,2000.0,1400.0,100.0,100.0,100.0,100.0,300.0,100.0,800.0,3600.0,100.0,300.0,100.0,193.0,100.0,100.0,100.0,110.0,100.0
2023-03-22 09:23:19,600519.0,1952.5,1902.56,1863.75,1863.74,1863.57,1861.97,1780.0,1779.0,1778.0,1776.99,1597.5,1597.52,1686.25,1686.26,1686.43,1730.0,1760.0,1770.0,1771.0,1771.11,1200.0,2000.0,1400.0,100.0,100.0,100.0,100.0,300.0,100.0,800.0,3600.0,100.0,300.0,100.0,193.0,100.0,100.0,100.0,110.0,100.0
2023-03-22 09:23:20,600519.0,1952.5,1902.56,1863.75,1863.74,1863.57,1861.97,1780.0,1779.0,1778.0,1776.99,1597.5,1597.52,1686.25,1686.26,1686.43,1730.0,1760.0,1770.0,1771.0,1771.11,1200.0,2000.0,1400.0,100.0,100.0,100.0,100.0,300.0,100.0,800.0,3600.0,100.0,300.0,100.0,193.0,100.0,100.0,100.0,110.0,100.0
2023-03-22 09:23:23,600519.0,1952.5,1902.56,1863.75,1863.74,1863.57,1861.97,1780.0,1779.0,1778.0,1776.99,1597.5,1597.52,1686.25,1686.26,1686.43,1730.0,1760.0,1770.0,1771.0,1771.11,1200.0,2000.0,1400.0,100.0,100.0,100.0,100.0,300.0,100.0,800.0,3600.0,100.0,300.0,100.0,193.0,100.0,100.0,100.0,110.0,100.0
2023-03-22 09:23:25,600519.0,1952.5,1902.56,1863.75,1863.74,1863.57,1861.97,1830.29,1780.0,1779.0,1778.0,1597.5,1597.52,1686.25,1686.26,1686.43,1723.69,1730.0,1760.0,1770.0,1771.0,1200.0,2000.0,1400.0,100.0,100.0,100.0,500.0,100.0,300.0,100.0,3600.0,100.0,300.0,100.0,193.0,100.0,100.0,100.0,100.0,110.0
2023-03-22 09:23:26,600519.0,1952.5,1902.56,1863.75,1863.74,1863.57,1861.97,1830.29,1780.0,1779.0,1778.0,1597.5,1597.52,1686.25,1686.26,1686.43,1723.69,1730.0,1760.0,1770.0,1771.0,1200.0,2000.0,1400.0,100.0,100.0,100.0,500.0,100.0,300.0,100.0,3600.0,100.0,300.0,100.0,193.0,100.0,100.0,100.0,100.0,110.0
2023-03-22 09:23:27,600519.0,1952.5,1902.56,1863.75,1863.74,1863.57,1861.97,1830.29,1780.0,1779.0,1778.0,1597.5,1597.52,1686.25,1686.26,1686.43,1723.69,1730.0,1760.0,1770.0,1771.0,1300.0,2200.0,1600.0,100.0,100.0,100.0,500.0,100.0,300.0,100.0,3800.0,100.0,300.0,100.0,193.0,100.0,100.0,200.0,100.0,110.0
2023-03-22 09:23:28,600519.0,1952.5,1902.56,1863.75,1863.74,1863.57,1861.97,1830.29,1780.0,1779.0,1778.0,1597.5,1597.52,1686.25,1686.26,1686.43,1723.69,1730.0,1760.0,1770.0,1771.0,1300.0,2200.0,1600.0,100.0,100.0,100.0,500.0,100.0,300.0,100.0,3800.0,100.0,300.0,100.0,193.0,100.0,100.0,200.0,100.0,110.0
2023-03-22 09:23:29,600519.0,1952.5,1902.56,1863.75,1863.74,1863.57,1861.97,1830.29,1780.0,1779.0,1778.0,1597.5,1597.52,1686.25,1686.26,1686.43,1723.69,1730.0,1760.0,1770.0,1771.0,1300.0,2200.0,1600.0,100.0,100.0,100.0,500.0,100.0,300.0,100.0,3800.0,100.0,300.0,100.0,193.0,100.0,100.0,200.0,100.0,110.0
2023-03-22 09:23:30,600519.0,1952.5,1902.56,1863.75,1863.74,1863.57,1861.97,1830.29,1780.0,1779.0,1778.0,1597.5,1597.52,1686.25,1686.26,1686.43,1723.69,1730.0,1760.0,1770.0,1771.0,1300.0,2200.0,1700.0,100.0,100.0,100.0,500.0,100.0,300.0,100.0,4000.0,100.0,300.0,100.0,193.0,100.0,100.0,200.0,100.0,110.0
2023-03-22 09:23:33,600519.0,1952.5,1902.56,1863.75,1863.74,1863.57,1861.97,1830.29,1780.0,1779.0,1778.0,1597.5,1597.52,1686.25,1686.26,1686.43,1723.69,1730.0,1760.0,1770.0,1771.0,1300.0,2200.0,1700.0,100.0,100.0,100.0,500.0,100.0,300.0,100.0,4200.0,100.0,300.0,100.0,193.0,100.0,100.0,200.0,100.0,110.0
2023-03-22 09:23:34,600519.0,1952.5,1902.56,1863.75,1863.74,1863.57,1861.97,1830.29,1780.0,1779.0,1778.0,1597.5,1597.52,1686.25,1686.26,1686.43,1723.69,1730.0,1760.0,1770.0,1771.0,1400.0,2200.0,1700.0,100.0,100.0,100.0,500.0,100.0,300.0,100.0,4200.0,100.0,300.0,100.0,193.0,100.0,100.0,200.0,100.0,110.0
2023-03-22 09:23:35,600519.0,1952.5,1902.56,1863.75,1863.74,1863.57,1861.97,1830.29,1780.0,1779.0,1778.0,1597.5,1597.52,1686.25,1686.26,1686.43,1723.69,1730.0,1760.0,1770.0,1771.0,1400.0,2200.0,1700.0,100.0,100.0,100.0,500.0,100.0,300.0,100.0,4200.0,100.0,300.0,100.0,193.0,100.0,100.0,200.0,100.0,110.0
2023-03-22 09:23:40,600519.0,1952.5,1902.56,1863.75,1863.74,1863.57,1861.97,1830.29,1780.0,1779.0,1778.0,1597.5,1597.52,1686.25,1686.26,1686.43,1723.69,1730.0,1760.0,1770.0,1771.0,1400.0,2200.0,1700.0,100.0,100.0,100.0,500.0,100.0,300.0,100.0,4200.0,100.0,300.0,100.0,193.0,100.0,100.0,200.0,100.0,110.0
2023-03-22 09:23:41,600519.0,1952.5,1902.56,1863.75,1863.74,1863.57,1861.97,1830.29,1780.0,1779.0,1778.0,1597.5,1597.52,1686.25,1686.26,1686.43,1723.69,1730.0,1760.0,1770.0,1771.0,1400.0,2200.0,1700.0,100.0,100.0,100.0,500.0,100.0,300.0,100.0,4200.0,100.0,300.0,100.0,193.0,100.0,100.0,200.0,100.0,110.0
2023-03-22 09:23:43,600519.0,1952.5,1902.56,1863.75,1863.74,1863.57,1861.97,1830.29,1780.0,1779.0,1778.0,1597.5,1597.52,1686.25,1686.26,1686.43,1723.69,1730.0,1760.0,1770.0,1771.0,1400.0,2200.0,1700.0,100.0,100.0,100.0,500.0,100.0,300.0,100.0,4200.0,100.0,300.0,100.0,193.0,100.0,100.0,200.0,100.0,110.0
2023-03-22 09:23:44,600519.0,1952.5,1902.56,1863.75,1863.74,1863.57,1861.97,1830.29,1780.0,1779.0,1778.0,1597.5,1597.52,1686.25,1686.26,1686.43,1723.69,1730.0,1760.0,1770.0,1771.0,1400.0,2200.0,1700.0,100.0,100.0,100.0,500.0,100.0,300.0,100.0,4200.0,100.0,300.0,100.0,193.0,100.0,100.0,200.0,100.0,110.0
2023-03-22 09:23:45,600519.0,1952.5,1902.56,1863.75,1863.74,1863.57,1861.97,1830.29,1780.0,1779.0,1778.0,1597.5,1597.52,1686.25,1686.26,1686.43,1723.69,1730.0,1760.0,1770.0,1771.0,1400.0,2200.0,1700.0,100.0,100.0,100.0,500.0,100.0,300.0,100.0,4200.0,100.0,300.0,100.0,193.0,100.0,100.0,200.0,100.0,110.0
2023-03-22 09:23:48,600519.0,1952.5,1902.56,1863.75,1863.74,1863.57,1861.97,1830.29,1780.0,1779.0,1778.0,1597.5,1597.52,1686.25,1686.26,1686.43,1723.69,1730.0,1760.0,1770.0,1771.0,1400.0,2200.0,1700.0,100.0,100.0,100.0,500.0,100.0,300.0,100.0,4200.0,100.0,300.0,100.0,193.0,100.0,100.0,200.0,100.0,110.0
2023-03-22 09:23:49,600519.0,1952.5,1902.56,1863.75,1863.74,1863.57,1861.97,1830.29,1780.0,1779.0,1778.0,1597.5,1597.52,1686.25,1686.26,1686.43,1723.69,1730.0,1760.0,1770.0,1771.0,1400.0,2200.0,1700.0,100.0,100.0,100.0,500.0,100.0,300.0,300.0,4200.0,100.0,300.0,100.0,193.0,100.0,100.0,200.0,100.0,110.0
2023-03-22 09:23:51,600519.0,1952.5,1902.56,1863.75,1863.74,1863.57,1861.97,1830.29,1800.0,1780.0,1779.0,1597.5,1597.52,1686.25,1686.26,1686.43,1723.69,1730.0,1760.0,1770.0,1771.0,1400.0,2200.0,1800.0,100.0,100.0,100.0,500.0,100.0,100.0,300.0,4200.0,100.0,300.0,100.0,193.0,100.0,100.0,200.0,100.0,110.0
2023-03-22 09:23:52,600519.0,1952.5,1902.56,1863.75,1863.74,1863.57,1861.97,1830.29,1800.0,1780.0,1779.0,1597.5,1597.52,1686.25,1686.26,1686.43,1723.69,1730.0,1760.0,1770.0,1771.0,1400.0,2200.0,1800.0,100.0,100.0,100.0,500.0,100.0,100.0,300.0,4200.0,100.0,300.0,100.0,193.0,100.0,100.0,200.0,100.0,110.0
2023-03-22 09:23:53,600519.0,1952.5,1902.56,1863.75,1863.74,1863.57,1861.97,1830.29,1800.0,1780.0,1779.0,1597.5,1597.52,1686.25,1686.26,1686.43,1723.69,1730.0,1760.0,1770.0,1771.0,1400.0,2200.0,1800.0,100.0,100.0,100.0,500.0,100.0,100.0,300.0,4300.0,100.0,300.0,100.0,193.0,100.0,100.0,200.0,100.0,110.0
2023-03-22 09:23:54,600519.0,1952.5,1902.56,1863.75,1863.74,1863.57,1861.97,1830.29,1800.0,1780.0,1779.0,1597.5,1597.52,1686.25,1686.26,1686.43,1723.69,1730.0,1760.0,1770.0,1771.0,1400.0,2200.0,1800.0,100.0,100.0,100.0,500.0,100.0,100.0,300.0,4500.0,100.0,300.0,100.0,193.0,100.0,100.0,200.0,100.0,110.0
2023-03-22 09:23:56,600519.0,1952.5,1902.56,1863.75,1863.74,1863.57,1861.97,1830.29,1800.0,1780.0,1779.0,1597.5,1597.52,1686.25,1686.26,1686.43,1723.69,1730.0,1760.0,1770.0,1771.0,1400.0,2200.0,1800.0,100.0,100.0,100.0,500.0,100.0,100.0,300.0,4500.0,100.0,300.0,100.0,193.0,100.0,100.0,200.0,200.0,110.0
2023-03-22 09:23:57,600519.0,1952.5,1902.56,1863.75,1863.74,1863.57,1861.97,1830.29,1800.0,1780.0,1779.0,1597.5,1597.52,1686.25,1686.26,1686.43,1723.69,1730.0,1760.0,1770.0,1771.0,1400.0,2200.0,1800.0,100.0,100.0,100.0,500.0,100.0,100.0,300.0,4500.0,100.0,300.0,100.0,193.0,100.0,100.0,200.0,200.0,110.0
2023-03-22 09:23:58,600519.0,1952.5,1902.56,1863.75,1863.74,1863.57,1861.97,1830.29,1800.0,1780.0,1779.0,1597.5,1597.52,1686.25,1686.26,1686.43,1723.69,1730.0,1760.0,1770.0,1771.0,1400.0,2200.0,1800.0,100.0,100.0,100.0,500.0,100.0,100.0,300.0,4500.0,100.0,300.0,100.0,193.0,100.0,100.0,200.0,200.0,110.0
2023-03-22 09:23:59,600519.0,1952.5,1902.56,1863.75,1863.74,1863.57,1861.97,1830.29,1800.0,1780.0,1779.0,1597.5,1597.52,1686.25,1686.26,1686.43,1723.69,1730.0,1760.0,1770.0,1771.0,1400.0,2200.0,1800.0,100.0,100.0,100.0,500.0,100.0,100.0,300.0,4500.0,100.0,300.0,100.0,193.0,100.0,100.0,200.0,200.0,110.0
2023-03-22 09:24:00,600519.0,1952.5,1902.56,1863.75,1863.74,1863.57,1861.97,1830.29,1800.0,1780.0,1779.0,1597.5,1597.52,1686.25,1686.26,1686.43,1723.69,1730.0,1760.0,1770.0,1771.0,1400.0,2200.0,1800.0,100.0,100.0,100.0,500.0,100.0,100.0,300.0,4500.0,100.0,300.0,100.0,193.0,100.0,100.0,200.0,200.0,110.0
2023-03-22 09:24:02,600519.0,1952.5,1902.56,1863.75,1863.74,1863.57,1861.97,1830.29,1800.0,1780.0,1779.0,1597.5,1597.52,1686.25,1686.26,1686.43,1723.69,1730.0,1760.0,1770.0,1771.0,1400.0,2200.0,1800.0,100.0,100.0,100.0,500.0,100.0,100.0,300.0,4500.0,100.0,300.0,100.0,193.0,100.0,100.0,200.0,200.0,110.0
2023-03-22 09:24:03,600519.0,1952.5,1902.56,1863.75,1863.74,1863.57,1861.97,1830.29,1800.0,1780.0,1779.0,1597.5,1597.52,1686.25,1686.26,1686.43,1723.69,1730.0,1760.0,1770.0,1771.0,1400.0,2200.0,2000.0,100.0,100.0,100.0,500.0,100.0,1100.0,300.0,4900.0,100.0,300.0,100.0,193.0,100.0,100.0,200.0,200.0,110.0
2023-03-22 09:24:04,600519.0,1952.5,1902.56,1863.75,1863.74,1863.57,1861.97,1830.29,1800.0,1780.0,1779.0,1597.5,1597.52,1686.25,1686.26,1686.43,1723.69,1730.0,1760.0,1770.0,1771.0,1500.0,2200.0,2000.0,100.0,100.0,100.0,500.0,100.0,1100.0,300.0,4900.0,100.0,300.0,100.0,193.0,100.0,100.0,200.0,200.0,110.0
2023-03-22 09:24:06,600519.0,1952.5,1902.56,1863.75,1863.74,1863.57,1861.97,1830.29,1800.0,1780.0,1779.0,1597.5,1597.52,1686.25,1686.26,1686.43,1723.69,1730.0,1760.0,1770.0,1771.0,1600.0,2200.0,2000.0,100.0,100.0,100.0,500.0,100.0,1100.0,300.0,4900.0,100.0,300.0,100.0,193.0,100.0,100.0,200.0,200.0,110.0
2023-03-22 09:24:07,600519.0,1952.5,1902.56,1863.75,1863.74,1863.57,1861.97,1830.29,1800.0,1780.0,1779.0,1597.5,1597.52,1686.25,1686.26,1686.43,1723.69,1730.0,1760.0,1770.0,1771.0,1600.0,2200.0,2300.0,100.0,100.0,100.0,500.0,100.0,1100.0,300.0,5100.0,100.0,300.0,100.0,193.0,100.0,100.0,200.0,200.0,110.0
2023-03-22 09:24:08,600519.0,1952.5,1902.56,1863.75,1863.74,1863.57,1861.97,1830.29,1800.0,1799.0,1780.0,1597.5,1597.52,1686.25,1686.26,1686.43,1723.69,1730.0,1760.0,1770.0,1771.0,1600.0,2200.0,2300.0,100.0,100.0,100.0,500.0,100.0,100.0,1100.0,5100.0,100.0,300.0,100.0,193.0,100.0,100.0,200.0,200.0,110.0
2023-03-22 09:24:09,600519.0,1952.5,1902.56,1863.75,1863.74,1863.57,1861.97,1830.29,1800.0,1799.0,1780.0,1597.5,1597.52,1686.25,1686.26,1686.43,1723.69,1730.0,1760.0,1770.0,1771.0,1600.0,2200.0,2300.0,100.0,100.0,100.0,500.0,100.0,100.0,1100.0,5100.0,100.0,300.0,100.0,193.0,100.0,100.0,200.0,200.0,110.0
2023-03-22 09:24:10,600519.0,1952.5,1902.56,1863.75,1863.74,1863.57,1861.97,1830.29,1800.0,1799.0,1780.0,1597.5,1597.52,1686.25,1686.26,1686.43,1723.69,1730.0,1760.0,1770.0,1771.0,1600.0,2200.0,2300.0,100.0,100.0,100.0,500.0,100.0,100.0,1100.0,5100.0,100.0,300.0,100.0,193.0,100.0,100.0,200.0,200.0,110.0
2023-03-22 09:24:12,600519.0,1952.5,1902.56,1863.75,1863.74,1863.57,1861.97,1830.29,1800.0,1799.0,1780.0,1597.5,1597.52,1686.25,1686.26,1686.43,1723.69,1730.0,1760.0,1770.0,1771.0,1600.0,2200.0,2300.0,100.0,100.0,100.0,800.0,100.0,100.0,1100.0,5100.0,100.0,300.0,100.0,193.0,100.0,100.0,200.0,200.0,110.0
2023-03-22 09:24:15,600519.0,1952.5,1902.56,1863.75,1863.74,1863.57,1861.97,1830.29,1800.0,1799.0,1785.87,1597.5,1597.52,1686.25,1686.26,1686.43,1723.69,1730.0,1760.0,1770.0,1771.0,1600.0,2200.0,2300.0,100.0,100.0,100.0,800.0,100.0,100.0,1900.0,5100.0,100.0,300.0,100.0,193.0,100.0,100.0,200.0,200.0,110.0
2023-03-22 09:24:16,600519.0,1952.5,1902.56,1863.75,1863.74,1863.57,1861.97,1830.29,1800.0,1799.0,1785.87,1597.5,1597.52,1686.25,1686.26,1686.43,1723.69,1730.0,1760.0,1770.0,1771.0,1600.0,2200.0,2300.0,100.0,100.0,100.0,800.0,100.0,100.0,1900.0,5100.0,100.0,300.0,100.0,193.0,100.0,100.0,200.0,200.0,110.0
2023-03-22 09:24:17,600519.0,1952.5,1902.56,1863.75,1863.74,1863.57,1861.97,1830.29,1800.0,1799.0,1785.87,1597.5,1597.52,1686.25,1686.26,1686.43,1723.69,1730.0,1760.0,1770.0,1771.0,1600.0,2200.0,2300.0,100.0,100.0,100.0,800.0,100.0,100.0,1900.0,5100.0,100.0,300.0,100.0,193.0,100.0,100.0,200.0,200.0,110.0
2023-03-22 09:24:18,600519.0,1952.5,1902.56,1863.75,1863.74,1863.57,1861.97,1830.29,1800.0,1799.0,1785.87,1597.5,1597.52,1686.25,1686.26,1686.43,1723.69,1730.0,1760.0,1770.0,1771.0,1800.0,2200.0,2400.0,100.0,100.0,100.0,800.0,100.0,100.0,1900.0,5300.0,100.0,300.0,100.0,193.0,100.0,100.0,200.0,300.0,110.0
2023-03-22 09:24:19,600519.0,1952.5,1902.56,1863.75,1863.74,1863.57,1861.97,1830.29,1800.0,1799.0,1785.87,1597.5,1597.52,1686.25,1686.26,1686.43,1723.69,1730.0,1760.0,1770.0,1771.0,1800.0,2200.0,2400.0,100.0,100.0,100.0,800.0,100.0,100.0,1900.0,5300.0,100.0,300.0,100.0,193.0,100.0,100.0,200.0,300.0,110.0
2023-03-22 09:24:21,600519.0,1952.5,1902.56,1863.75,1863.74,1863.57,1861.97,1830.29,1800.0,1799.0,1785.87,1597.5,1597.52,1686.25,1686.26,1686.43,1723.69,1730.0,1760.0,1770.0,1771.0,1900.0,2200.0,2500.0,100.0,100.0,100.0,800.0,100.0,100.0,1900.0,5500.0,100.0,300.0,100.0,193.0,100.0,100.0,200.0,300.0,110.0
2023-03-22 09:24:22,600519.0,1952.5,1902.56,1863.75,1863.74,1863.57,1861.97,1830.29,1800.0,1799.0,1785.87,1597.5,1597.52,1686.25,1686.26,1686.43,1723.69,1730.0,1760.0,1770.0,1771.0,1900.0,2200.0,2500.0,100.0,100.0,100.0,800.0,100.0,100.0,1900.0,5500.0,100.0,300.0,100.0,193.0,100.0,100.0,200.0,300.0,110.0
2023-03-22 09:24:23,600519.0,1952.5,1902.56,1863.75,1863.74,1863.57,1861.97,1830.29,1800.0,1799.0,1785.87,1597.5,1597.52,1686.25,1686.26,1686.43,1723.69,1730.0,1760.0,1770.0,1771.0,1900.0,2200.0,2500.0,100.0,200.0,100.0,800.0,100.0,100.0,1900.0,5500.0,100.0,300.0,100.0,193.0,100.0,100.0,200.0,300.0,110.0
2023-03-22 09:24:24,600519.0,1952.5,1902.56,1863.75,1863.74,1863.57,1861.97,1830.29,1800.0,1799.0,1785.87,1597.5,1597.52,1686.25,1686.26,1686.43,1723.69,1730.0,1760.0,1770.0,1771.0,1900.0,2200.0,2600.0,100.0,200.0,100.0,800.0,100.0,100.0,1900.0,5700.0,100.0,300.0,100.0,193.0,100.0,100.0,200.0,300.0,110.0
2023-03-22 09:24:25,600519.0,1952.5,1902.56,1863.75,1863.74,1863.57,1861.97,1830.29,1800.0,1799.0,1785.87,1597.5,1597.52,1686.25,1686.26,1686.43,1723.69,1730.0,1760.0,1770.0,1771.0,1900.0,2200.0,2600.0,100.0,200.0,100.0,800.0,100.0,100.0,1900.0,5700.0,100.0,300.0,100.0,193.0,100.0,100.0,200.0,300.0,110.0
2023-03-22 09:24:27,600519.0,1952.5,1902.56,1863.75,1863.74,1863.57,1861.97,1830.29,1800.0,1799.0,1785.87,1597.5,1597.52,1686.25,1686.26,1686.43,1723.69,1730.0,1760.0,1770.0,1771.0,1900.0,2200.0,2600.0,100.0,200.0,100.0,800.0,100.0,200.0,1900.0,5700.0,100.0,300.0,100.0,193.0,100.0,100.0,200.0,300.0,110.0
2023-03-22 09:24:28,600519.0,1952.5,1902.56,1863.75,1863.74,1863.57,1861.97,1830.29,1800.0,1799.0,1785.87,1597.5,1597.52,1686.25,1686.26,1686.43,1723.69,1730.0,1760.0,1770.0,1771.0,1900.0,2200.0,2600.0,100.0,200.0,100.0,800.0,100.0,200.0,1900.0,5700.0,100.0,300.0,100.0,193.0,100.0,100.0,200.0,300.0,110.0
2023-03-22 09:24:29,600519.0,1952.5,1902.56,1863.75,1863.74,1863.57,1861.97,1830.29,1800.0,1799.0,1785.87,1597.5,1597.52,1686.25,1686.26,1686.43,1723.69,1730.0,1760.0,1770.0,1771.0,1900.0,2200.0,2600.0,100.0,200.0,100.0,800.0,100.0,200.0,1900.0,5700.0,100.0,300.0,100.0,193.0,100.0,100.0,200.0,300.0,110.0
2023-03-22 09:24:30,600519.0,1952.5,1902.56,1863.75,1863.74,1863.57,1861.97,1830.29,1800.0,1799.0,1785.87,1597.5,1597.52,1686.25,1686.26,1686.43,1723.69,1730.0,1760.0,1770.0,1771.0,1900.0,2200.0,2600.0,100.0,200.0,100.0,800.0,100.0,200.0,1900.0,5700.0,100.0,300.0,100.0,193.0,100.0,100.0,200.0,300.0,110.0
2023-03-22 09:24:31,600519.0,1952.5,1902.56,1863.75,1863.74,1863.57,1861.97,1830.29,1800.0,1799.0,1785.87,1597.5,1597.52,1686.25,1686.26,1686.43,1723.69,1730.0,1760.0,1770.0,1771.0,1900.0,2200.0,2600.0,100.0,200.0,100.0,800.0,100.0,200.0,1900.0,5700.0,100.0,300.0,100.0,193.0,100.0,100.0,200.0,300.0,110.0
2023-03-22 09:24:33,600519.0,1952.5,1902.56,1863.75,1863.74,1863.57,1861.97,1830.29,1800.0,1799.0,1788.99,1597.5,1597.52,1686.25,1686.26,1686.43,1723.69,1730.0,1760.0,1770.0,1771.0,1900.0,2200.0,2700.0,100.0,200.0,100.0,800.0,100.0,200.0,100.0,5900.0,100.0,300.0,100.0,193.0,100.0,100.0,200.0,300.0,110.0
2023-03-22 09:24:34,600519.0,1952.5,1902.56,1863.75,1863.74,1863.57,1861.97,1830.29,1800.0,1799.0,1788.99,1597.5,1597.52,1686.25,1686.26,1686.43,1723.69,1730.0,1760.0,1770.0,1771.0,2000.0,2200.0,2700.0,100.0,200.0,100.0,800.0,100.0,200.0,100.0,5900.0,100.0,300.0,100.0,193.0,100.0,100.0,200.0,300.0,110.0
