SecurityID,timestamp,bid1_price,ask1_price,midprice,spread
600519,2023-03-22 09:15:00,1750.13,,,
600519,2023-03-22 09:15:00.030000,1750.13,1810.0,1780.065,59.86999999999989
600519,2023-03-22 09:15:00.030000,1750.13,1788.5,1769.315,38.36999999999989
600519,2023-03-22 09:15:00.200000,1750.13,1788.5,1769.315,38.36999999999989
600519,2023-03-22 09:15:00.200000,1750.13,1788.5,1769.315,38.36999999999989
600519,2023-03-22 09:15:00.200000,1750.33,1788.5,1769.415,38.17000000000007
600519,2023-03-22 09:15:00.200000,1750.33,1788.5,1769.415,38.17000000000007
600519,2023-03-22 09:15:00.200000,1750.33,1788.5,1769.415,38.17000000000007
600519,2023-03-22 09:15:00.200000,1750.33,1788.5,1769.415,38.17000000000007
600519,2023-03-22 09:15:00.200000,1750.33,1788.5,1769.415,38.17000000000007
600519,2023-03-22 09:15:00.200000,1750.33,1788.5,1769.415,38.17000000000007
600519,2023-03-22 09:15:00.200000,1771.5,1788.5,1780.0,17.0
600519,2023-03-22 09:15:00.200000,1771.5,1788.5,1780.0,17.0
600519,2023-03-22 09:15:00.200000,1771.5,1788.5,1780.0,17.0
600519,2023-03-22 09:15:00.280000,1771.5,1788.5,1780.0,17.0
600519,2023-03-22 09:15:00.280000,1771.5,1788.5,1780.0,17.0
600519,2023-03-22 09:15:00.280000,1771.5,1788.5,1780.0,17.0
600519,2023-03-22 09:15:00.280000,1771.5,1788.5,1780.0,17.0
600519,2023-03-22 09:15:00.280000,1771.5,1788.5,1780.0,17.0
600519,2023-03-22 09:15:00.320000,1771.5,1788.5,1780.0,17.0
600519,2023-03-22 09:15:00.320000,1771.5,1788.5,1780.0,17.0
600519,2023-03-22 09:15:00.440000,1771.5,1788.5,1780.0,17.0
600519,2023-03-22 09:15:00.440000,1771.5,1788.5,1780.0,17.0
600519,2023-03-22 09:15:00.440000,1771.5,1788.5,1780.0,17.0
600519,2023-03-22 09:15:00.460000,1771.5,1788.5,1780.0,17.0
600519,2023-03-22 09:15:00.460000,1771.5,1788.5,1780.0,17.0
600519,2023-03-22 09:15:00.460000,1771.5,1788.5,1780.0,17.0
600519,2023-03-22 09:15:00.510000,1771.5,1788.5,1780.0,17.0
600519,2023-03-22 09:15:00.510000,1771.5,1788.5,1780.0,17.0
600519,2023-03-22 09:15:00.510000,1771.5,1788.5,1780.0,17.0
600519,2023-03-22 09:15:00.580000,1771.5,1788.5,1780.0,17.0
600519,2023-03-22 09:15:00.580000,1771.5,1788.5,1780.0,17.0
600519,2023-03-22 09:15:00.610000,1771.5,1788.5,1780.0,17.0
600519,2023-03-22 09:15:00.660000,1771.5,1788.5,1780.0,17.0
600519,2023-03-22 09:15:00.660000,1771.5,1788.5,1780.0,17.0
600519,2023-03-22 09:15:00.660000,1771.5,1788.5,1780.0,17.0
600519,2023-03-22 09:15:00.660000,1771.5,1788.5,1780.0,17.0
600519,2023-03-22 09:15:00.660000,1771.5,1788.5,1780.0,17.0
600519,2023-03-22 09:15:00.660000,1771.5,1788.5,1780.0,17.0
600519,2023-03-22 09:15:00.660000,1771.5,1788.5,1780.0,17.0
600519,2023-03-22 09:15:00.660000,1771.5,1788.5,1780.0,17.0
600519,2023-03-22 09:15:00.660000,1771.5,1788.5,1780.0,17.0
600519,2023-03-22 09:15:00.660000,1771.5,1788.5,1780.0,17.0
600519,2023-03-22 09:15:00.660000,1771.5,1788.5,1780.0,17.0
600519,2023-03-22 09:15:00.930000,1771.5,1788.5,1780.0,17.0
600519,2023-03-22 09:15:00.930000,1771.5,1788.5,1780.0,17.0
600519,2023-03-22 09:15:01.190000,1771.5,1788.5,1780.0,17.0
600519,2023-03-22 09:15:01.220000,1771.5,1788.5,1780.0,17.0
600519,2023-03-22 09:15:01.220000,1771.5,1788.5,1780.0,17.0
600519,2023-03-22 09:15:01.220000,1771.5,1788.5,1780.0,17.0
600519,2023-03-22 09:15:01.220000,1771.5,1788.5,1780.0,17.0
600519,2023-03-22 09:15:01.350000,1771.5,1788.5,1780.0,17.0
600519,2023-03-22 09:15:01.380000,1771.5,1788.5,1780.0,17.0
600519,2023-03-22 09:15:01.380000,1771.5,1788.5,1780.0,17.0
600519,2023-03-22 09:15:01.380000,1771.5,1788.5,1780.0,17.0
600519,2023-03-22 09:15:01.380000,1771.5,1788.5,1780.0,17.0
600519,2023-03-22 09:15:01.380000,1771.5,1788.0,1779.75,16.5
600519,2023-03-22 09:15:01.500000,1771.5,1788.0,1779.75,16.5
600519,2023-03-22 09:15:01.500000,1771.5,1788.0,1779.75,16.5
600519,2023-03-22 09:15:01.500000,1771.5,1788.0,1779.75,16.5
600519,2023-03-22 09:15:01.630000,1771.5,1788.0,1779.75,16.5
600519,2023-03-22 09:15:01.630000,1771.5,1788.0,1779.75,16.5
600519,2023-03-22 09:15:01.630000,1771.5,1788.0,1779.75,16.5
600519,2023-03-22 09:15:01.630000,1771.5,1788.0,1779.75,16.5
600519,2023-03-22 09:15:01.630000,1771.5,1788.0,1779.75,16.5
600519,2023-03-22 09:15:01.630000,1771.5,1788.0,1779.75,16.5
600519,2023-03-22 09:15:01.630000,1771.5,1788.0,1779.75,16.5
600519,2023-03-22 09:15:01.630000,1771.5,1788.0,1779.75,16.5
600519,2023-03-22 09:15:01.630000,1771.5,1788.0,1779.75,16.5
600519,2023-03-22 09:15:01.630000,1771.5,1788.0,1779.75,16.5
600519,2023-03-22 09:15:01.630000,1771.5,1788.0,1779.75,16.5
600519,2023-03-22 09:15:01.630000,1771.5,1788.0,1779.75,16.5
600519,2023-03-22 09:15:01.630000,1771.5,1788.0,1779.75,16.5
600519,2023-03-22 09:15:01.630000,1771.5,1788.0,1779.75,16.5
600519,2023-03-22 09:15:01.630000,1771.5,1788.0,1779.75,16.5
600519,2023-03-22 09:15:01.630000,1771.5,1788.0,1779.75,16.5
600519,2023-03-22 09:15:01.630000,1771.5,1788.0,1779.75,16.5
600519,2023-03-22 09:15:01.630000,1771.5,1785.0,1778.25,13.5
600519,2023-03-22 09:15:01.630000,1771.5,1785.0,1778.25,13.5
600519,2023-03-22 09:15:01.630000,1771.5,1785.0,1778.25,13.5
600519,2023-03-22 09:15:01.630000,1771.5,1785.0,1778.25,13.5
600519,2023-03-22 09:15:01.630000,1771.5,1781.0,1776.25,9.5
600519,2023-03-22 09:15:01.770000,1771.5,1781.0,1776.25,9.5
600519,2023-03-22 09:15:01.770000,1771.5,1781.0,1776.25,9.5
600519,2023-03-22 09:15:01.770000,1771.5,1781.0,1776.25,9.5
600519,2023-03-22 09:15:01.770000,1771.5,1781.0,1776.25,9.5
600519,2023-03-22 09:15:01.770000,1771.5,1781.0,1776.25,9.5
600519,2023-03-22 09:15:01.900000,1771.5,1781.0,1776.25,9.5
600519,2023-03-22 09:15:01.900000,1771.5,1781.0,1776.25,9.5
600519,2023-03-22 09:15:01.900000,1771.5,1781.0,1776.25,9.5
600519,2023-03-22 09:15:01.900000,1771.5,1781.0,1776.25,9.5
600519,2023-03-22 09:15:01.900000,1771.5,1781.0,1776.25,9.5
600519,2023-03-22 09:15:01.900000,1771.5,1781.0,1776.25,9.5
600519,2023-03-22 09:15:01.900000,1771.5,1781.0,1776.25,9.5
600519,2023-03-22 09:15:02.030000,1771.5,1781.0,1776.25,9.5
600519,2023-03-22 09:15:02.030000,1771.5,1781.0,1776.25,9.5
600519,2023-03-22 09:15:02.030000,1771.5,1781.0,1776.25,9.5
600519,2023-03-22 09:15:02.030000,1771.5,1781.0,1776.25,9.5
600519,2023-03-22 09:15:02.030000,1771.5,1781.0,1776.25,9.5
600519,2023-03-22 09:15:02.030000,1771.5,1781.0,1776.25,9.5
600519,2023-03-22 09:15:02.030000,1771.5,1781.0,1776.25,9.5
600519,2023-03-22 09:15:02.030000,1771.5,1781.0,1776.25,9.5
600519,2023-03-22 09:15:02.030000,1771.5,1781.0,1776.25,9.5
600519,2023-03-22 09:15:02.030000,1771.5,1781.0,1776.25,9.5
600519,2023-03-22 09:15:02.030000,1771.5,1781.0,1776.25,9.5
600519,2023-03-22 09:15:02.030000,1771.5,1781.0,1776.25,9.5
600519,2023-03-22 09:15:02.030000,1771.5,1781.0,1776.25,9.5
600519,2023-03-22 09:15:02.160000,1771.5,1781.0,1776.25,9.5
600519,2023-03-22 09:15:02.200000,1771.5,1781.0,1776.25,9.5
600519,2023-03-22 09:15:02.330000,1771.5,1781.0,1776.25,9.5
600519,2023-03-22 09:15:02.330000,1771.5,1775.0,1773.25,3.5
600519,2023-03-22 09:15:02.330000,1771.5,1775.0,1773.25,3.5
600519,2023-03-22 09:15:02.330000,1771.5,1775.0,1773.25,3.5
600519,2023-03-22 09:15:02.330000,1771.5,1775.0,1773.25,3.5
600519,2023-03-22 09:15:02.330000,1771.5,1775.0,1773.25,3.5
600519,2023-03-22 09:15:02.330000,1771.5,1775.0,1773.25,3.5
600519,2023-03-22 09:15:02.330000,1771.5,1775.0,1773.25,3.5
600519,2023-03-22 09:15:02.330000,1771.5,1775.0,1773.25,3.5
600519,2023-03-22 09:15:02.330000,1771.5,1775.0,1773.25,3.5
600519,2023-03-22 09:15:02.460000,1771.5,1775.0,1773.25,3.5
600519,2023-03-22 09:15:02.460000,1771.5,1775.0,1773.25,3.5
600519,2023-03-22 09:15:02.460000,1771.5,1775.0,1773.25,3.5
600519,2023-03-22 09:15:02.460000,1771.5,1775.0,1773.25,3.5
600519,2023-03-22 09:15:02.460000,1771.5,1775.0,1773.25,3.5
600519,2023-03-22 09:15:02.460000,1771.5,1775.0,1773.25,3.5
600519,2023-03-22 09:15:02.460000,1771.5,1775.0,1773.25,3.5
600519,2023-03-22 09:15:02.460000,1771.5,1775.0,1773.25,3.5
600519,2023-03-22 09:15:02.460000,1952.5,1775.0,1863.75,-177.5
600519,2023-03-22 09:15:02.460000,1952.5,1775.0,1863.75,-177.5
600519,2023-03-22 09:15:02.460000,1952.5,1775.0,1863.75,-177.5
600519,2023-03-22 09:15:02.460000,1952.5,1775.0,1863.75,-177.5
600519,2023-03-22 09:15:02.460000,1952.5,1775.0,1863.75,-177.5
600519,2023-03-22 09:15:02.460000,1952.5,1775.0,1863.75,-177.5
600519,2023-03-22 09:15:02.460000,1952.5,1775.0,1863.75,-177.5
600519,2023-03-22 09:15:02.460000,1952.5,1775.0,1863.75,-177.5
600519,2023-03-22 09:15:02.590000,1952.5,1775.0,1863.75,-177.5
600519,2023-03-22 09:15:02.590000,1952.5,1775.0,1863.75,-177.5
600519,2023-03-22 09:15:02.590000,1952.5,1775.0,1863.75,-177.5
600519,2023-03-22 09:15:02.590000,1952.5,1775.0,1863.75,-177.5
600519,2023-03-22 09:15:02.590000,1952.5,1775.0,1863.75,-177.5
600519,2023-03-22 09:15:02.590000,1952.5,1775.0,1863.75,-177.5
600519,2023-03-22 09:15:02.590000,1952.5,1775.0,1863.75,-177.5
600519,2023-03-22 09:15:02.590000,1952.5,1775.0,1863.75,-177.5
600519,2023-03-22 09:15:02.730000,1952.5,1775.0,1863.75,-177.5
600519,2023-03-22 09:15:02.730000,1952.5,1775.0,1863.75,-177.5
600519,2023-03-22 09:15:02.730000,1952.5,1775.0,1863.75,-177.5
600519,2023-03-22 09:15:02.730000,1952.5,1775.0,1863.75,-177.5
600519,2023-03-22 09:15:02.730000,1952.5,1775.0,1863.75,-177.5
600519,2023-03-22 09:15:02.730000,1952.5,1775.0,1863.75,-177.5
600519,2023-03-22 09:15:02.730000,1952.5,1775.0,1863.75,-177.5
600519,2023-03-22 09:15:02.860000,1952.5,1775.0,1863.75,-177.5
600519,2023-03-22 09:15:02.860000,1952.5,1775.0,1863.75,-177.5
600519,2023-03-22 09:15:02.860000,1952.5,1775.0,1863.75,-177.5
600519,2023-03-22 09:15:02.860000,1952.5,1775.0,1863.75,-177.5
600519,2023-03-22 09:15:02.860000,1952.5,1775.0,1863.75,-177.5
600519,2023-03-22 09:15:02.990000,1952.5,1775.0,1863.75,-177.5
600519,2023-03-22 09:15:02.990000,1952.5,1775.0,1863.75,-177.5
600519,2023-03-22 09:15:02.990000,1952.5,1775.0,1863.75,-177.5
600519,2023-03-22 09:15:02.990000,1952.5,1775.0,1863.75,-177.5
600519,2023-03-22 09:15:02.990000,1952.5,1775.0,1863.75,-177.5
600519,2023-03-22 09:15:02.990000,1952.5,1775.0,1863.75,-177.5
600519,2023-03-22 09:15:02.990000,1952.5,1775.0,1863.75,-177.5
600519,2023-03-22 09:15:02.990000,1952.5,1775.0,1863.75,-177.5
600519,2023-03-22 09:15:03.120000,1952.5,1775.0,1863.75,-177.5
600519,2023-03-22 09:15:03.120000,1952.5,1775.0,1863.75,-177.5
600519,2023-03-22 09:15:03.120000,1952.5,1775.0,1863.75,-177.5
600519,2023-03-22 09:15:03.120000,1952.5,1775.0,1863.75,-177.5
600519,2023-03-22 09:15:03.120000,1952.5,1775.0,1863.75,-177.5
600519,2023-03-22 09:15:03.120000,1952.5,1775.0,1863.75,-177.5
600519,2023-03-22 09:15:03.120000,1952.5,1775.0,1863.75,-177.5
600519,2023-03-22 09:15:03.120000,1952.5,1775.0,1863.75,-177.5
600519,2023-03-22 09:15:03.120000,1952.5,1775.0,1863.75,-177.5
600519,2023-03-22 09:15:03.270000,1952.5,1775.0,1863.75,-177.5
600519,2023-03-22 09:15:03.270000,1952.5,1775.0,1863.75,-177.5
600519,2023-03-22 09:15:03.270000,1952.5,1775.0,1863.75,-177.5
600519,2023-03-22 09:15:03.270000,1952.5,1775.0,1863.75,-177.5
600519,2023-03-22 09:15:03.270000,1952.5,1775.0,1863.75,-177.5
600519,2023-03-22 09:15:03.270000,1952.5,1775.0,1863.75,-177.5
600519,2023-03-22 09:15:03.270000,1952.5,1775.0,1863.75,-177.5
600519,2023-03-22 09:15:03.270000,1952.5,1775.0,1863.75,-177.5
600519,2023-03-22 09:15:03.270000,1952.5,1775.0,1863.75,-177.5
600519,2023-03-22 09:15:03.440000,1952.5,1775.0,1863.75,-177.5
600519,2023-03-22 09:15:03.440000,1952.5,1775.0,1863.75,-177.5
600519,2023-03-22 09:15:03.570000,1952.5,1775.0,1863.75,-177.5
600519,2023-03-22 09:15:03.570000,1952.5,1775.0,1863.75,-177.5
600519,2023-03-22 09:15:03.570000,1952.5,1775.0,1863.75,-177.5
600519,2023-03-22 09:15:03.570000,1952.5,1775.0,1863.75,-177.5
600519,2023-03-22 09:15:03.700000,1952.5,1775.0,1863.75,-177.5
600519,2023-03-22 09:15:03.700000,1952.5,1775.0,1863.75,-177.5
600519,2023-03-22 09:15:03.700000,1952.5,1775.0,1863.75,-177.5
600519,2023-03-22 09:15:03.700000,1952.5,1775.0,1863.75,-177.5
600519,2023-03-22 09:15:03.700000,1952.5,1775.0,1863.75,-177.5
600519,2023-03-22 09:15:03.830000,1952.5,1775.0,1863.75,-177.5
600519,2023-03-22 09:15:03.830000,1952.5,1775.0,1863.75,-177.5
600519,2023-03-22 09:15:03.830000,1952.5,1775.0,1863.75,-177.5
600519,2023-03-22 09:15:03.830000,1952.5,1775.0,1863.75,-177.5
600519,2023-03-22 09:15:03.830000,1952.5,1775.0,1863.75,-177.5
600519,2023-03-22 09:15:03.830000,1952.5,1775.0,1863.75,-177.5
600519,2023-03-22 09:15:03.830000,1952.5,1775.0,1863.75,-177.5
600519,2023-03-22 09:15:03.970000,1952.5,1775.0,1863.75,-177.5
600519,2023-03-22 09:15:03.970000,1952.5,1775.0,1863.75,-177.5
600519,2023-03-22 09:15:03.970000,1952.5,1775.0,1863.75,-177.5
600519,2023-03-22 09:15:03.970000,1952.5,1775.0,1863.75,-177.5
600519,2023-03-22 09:15:03.970000,1952.5,1775.0,1863.75,-177.5
600519,2023-03-22 09:15:03.970000,1952.5,1775.0,1863.75,-177.5
600519,2023-03-22 09:15:04.110000,1952.5,1775.0,1863.75,-177.5
600519,2023-03-22 09:15:04.110000,1952.5,1775.0,1863.75,-177.5
600519,2023-03-22 09:15:04.110000,1952.5,1775.0,1863.75,-177.5
600519,2023-03-22 09:15:04.110000,1952.5,1775.0,1863.75,-177.5
600519,2023-03-22 09:15:04.260000,1952.5,1775.0,1863.75,-177.5
600519,2023-03-22 09:15:04.260000,1952.5,1775.0,1863.75,-177.5
600519,2023-03-22 09:15:04.260000,1952.5,1775.0,1863.75,-177.5
600519,2023-03-22 09:15:04.260000,1952.5,1775.0,1863.75,-177.5
600519,2023-03-22 09:15:04.260000,1952.5,1775.0,1863.75,-177.5
600519,2023-03-22 09:15:04.260000,1952.5,1775.0,1863.75,-177.5
600519,2023-03-22 09:15:04.260000,1952.5,1775.0,1863.75,-177.5
600519,2023-03-22 09:15:04.260000,1952.5,1775.0,1863.75,-177.5
600519,2023-03-22 09:15:04.260000,1952.5,1775.0,1863.75,-177.5
600519,2023-03-22 09:15:04.390000,1952.5,1775.0,1863.75,-177.5
600519,2023-03-22 09:15:04.390000,1952.5,1775.0,1863.75,-177.5
600519,2023-03-22 09:15:04.390000,1952.5,1775.0,1863.75,-177.5
600519,2023-03-22 09:15:04.430000,1952.5,1775.0,1863.75,-177.5
600519,2023-03-22 09:15:04.430000,1952.5,1775.0,1863.75,-177.5
600519,2023-03-22 09:15:04.430000,1952.5,1775.0,1863.75,-177.5
600519,2023-03-22 09:15:04.430000,1952.5,1775.0,1863.75,-177.5
600519,2023-03-22 09:15:04.430000,1952.5,1775.0,1863.75,-177.5
600519,2023-03-22 09:15:04.430000,1952.5,1775.0,1863.75,-177.5
600519,2023-03-22 09:15:04.430000,1952.5,1775.0,1863.75,-177.5
600519,2023-03-22 09:15:04.430000,1952.5,1775.0,1863.75,-177.5
600519,2023-03-22 09:15:04.560000,1952.5,1775.0,1863.75,-177.5
600519,2023-03-22 09:15:04.560000,1952.5,1775.0,1863.75,-177.5
600519,2023-03-22 09:15:04.560000,1952.5,1775.0,1863.75,-177.5
600519,2023-03-22 09:15:04.560000,1952.5,1775.0,1863.75,-177.5
600519,2023-03-22 09:15:04.560000,1952.5,1775.0,1863.75,-177.5
600519,2023-03-22 09:15:04.560000,1952.5,1775.0,1863.75,-177.5
600519,2023-03-22 09:15:04.560000,1952.5,1775.0,1863.75,-177.5
600519,2023-03-22 09:15:04.560000,1952.5,1775.0,1863.75,-177.5
600519,2023-03-22 09:15:04.560000,1952.5,1775.0,1863.75,-177.5
600519,2023-03-22 09:15:04.700000,1952.5,1775.0,1863.75,-177.5
600519,2023-03-22 09:15:04.700000,1952.5,1775.0,1863.75,-177.5
600519,2023-03-22 09:15:04.700000,1952.5,1775.0,1863.75,-177.5
600519,2023-03-22 09:15:04.700000,1952.5,1775.0,1863.75,-177.5
600519,2023-03-22 09:15:04.700000,1952.5,1775.0,1863.75,-177.5
600519,2023-03-22 09:15:04.700000,1952.5,1775.0,1863.75,-177.5
600519,2023-03-22 09:15:04.840000,1952.5,1775.0,1863.75,-177.5
600519,2023-03-22 09:15:04.840000,1952.5,1775.0,1863.75,-177.5
600519,2023-03-22 09:15:04.840000,1952.5,1775.0,1863.75,-177.5
600519,2023-03-22 09:15:04.840000,1952.5,1775.0,1863.75,-177.5
600519,2023-03-22 09:15:04.840000,1952.5,1775.0,1863.75,-177.5
600519,2023-03-22 09:15:04.840000,1952.5,1775.0,1863.75,-177.5
600519,2023-03-22 09:15:04.840000,1952.5,1775.0,1863.75,-177.5
600519,2023-03-22 09:15:04.840000,1952.5,1775.0,1863.75,-177.5
600519,2023-03-22 09:15:04.840000,1952.5,1775.0,1863.75,-177.5
600519,2023-03-22 09:15:04.840000,1952.5,1775.0,1863.75,-177.5
600519,2023-03-22 09:15:04.990000,1952.5,1775.0,1863.75,-177.5
600519,2023-03-22 09:15:04.990000,1952.5,1775.0,1863.75,-177.5
600519,2023-03-22 09:15:04.990000,1952.5,1775.0,1863.75,-177.5
600519,2023-03-22 09:15:05.120000,1952.5,1775.0,1863.75,-177.5
600519,2023-03-22 09:15:05.120000,1952.5,1775.0,1863.75,-177.5
600519,2023-03-22 09:15:05.120000,1952.5,1775.0,1863.75,-177.5
600519,2023-03-22 09:15:05.120000,1952.5,1775.0,1863.75,-177.5
600519,2023-03-22 09:15:05.120000,1952.5,1775.0,1863.75,-177.5
600519,2023-03-22 09:15:05.120000,1952.5,1775.0,1863.75,-177.5
600519,2023-03-22 09:15:05.120000,1952.5,1775.0,1863.75,-177.5
600519,2023-03-22 09:15:05.270000,1952.5,1775.0,1863.75,-177.5
600519,2023-03-22 09:15:05.270000,1952.5,1775.0,1863.75,-177.5
600519,2023-03-22 09:15:05.270000,1952.5,1775.0,1863.75,-177.5
600519,2023-03-22 09:15:05.270000,1952.5,1775.0,1863.75,-177.5
600519,2023-03-22 09:15:05.270000,1952.5,1775.0,1863.75,-177.5
600519,2023-03-22 09:15:05.270000,1952.5,1775.0,1863.75,-177.5
600519,2023-03-22 09:15:05.270000,1952.5,1775.0,1863.75,-177.5
600519,2023-03-22 09:15:05.270000,1952.5,1775.0,1863.75,-177.5
600519,2023-03-22 09:15:05.270000,1952.5,1775.0,1863.75,-177.5
600519,2023-03-22 09:15:05.270000,1952.5,1775.0,1863.75,-177.5
600519,2023-03-22 09:15:05.270000,1952.5,1775.0,1863.75,-177.5
600519,2023-03-22 09:15:05.270000,1952.5,1775.0,1863.75,-177.5
600519,2023-03-22 09:15:05.270000,1952.5,1775.0,1863.75,-177.5
600519,2023-03-22 09:15:05.270000,1952.5,1775.0,1863.75,-177.5
600519,2023-03-22 09:15:05.270000,1952.5,1775.0,1863.75,-177.5
600519,2023-03-22 09:15:05.270000,1952.5,1775.0,1863.75,-177.5
600519,2023-03-22 09:15:05.270000,1952.5,1775.0,1863.75,-177.5
600519,2023-03-22 09:15:05.270000,1952.5,1775.0,1863.75,-177.5
600519,2023-03-22 09:15:05.400000,1952.5,1775.0,1863.75,-177.5
600519,2023-03-22 09:15:05.400000,1952.5,1775.0,1863.75,-177.5
600519,2023-03-22 09:15:05.400000,1952.5,1775.0,1863.75,-177.5
600519,2023-03-22 09:15:05.400000,1952.5,1597.5,1775.0,-355.0
600519,2023-03-22 09:15:05.400000,1952.5,1597.5,1775.0,-355.0
600519,2023-03-22 09:15:05.400000,1952.5,1597.5,1775.0,-355.0
600519,2023-03-22 09:15:05.400000,1952.5,1597.5,1775.0,-355.0
600519,2023-03-22 09:15:05.400000,1952.5,1597.5,1775.0,-355.0
600519,2023-03-22 09:15:05.400000,1952.5,1597.5,1775.0,-355.0
600519,2023-03-22 09:15:05.400000,1952.5,1597.5,1775.0,-355.0
600519,2023-03-22 09:15:05.400000,1952.5,1597.5,1775.0,-355.0
600519,2023-03-22 09:15:05.400000,1952.5,1597.5,1775.0,-355.0
600519,2023-03-22 09:15:05.400000,1952.5,1597.5,1775.0,-355.0
600519,2023-03-22 09:15:05.400000,1952.5,1597.5,1775.0,-355.0
600519,2023-03-22 09:15:05.400000,1952.5,1597.5,1775.0,-355.0
600519,2023-03-22 09:15:05.550000,1952.5,1597.5,1775.0,-355.0
600519,2023-03-22 09:15:05.550000,1952.5,1597.5,1775.0,-355.0
600519,2023-03-22 09:15:05.550000,1952.5,1597.5,1775.0,-355.0
600519,2023-03-22 09:15:05.550000,1952.5,1597.5,1775.0,-355.0
600519,2023-03-22 09:15:05.550000,1952.5,1597.5,1775.0,-355.0
600519,2023-03-22 09:15:05.550000,1952.5,1597.5,1775.0,-355.0
600519,2023-03-22 09:15:05.700000,1952.5,1597.5,1775.0,-355.0
600519,2023-03-22 09:15:05.700000,1952.5,1597.5,1775.0,-355.0
600519,2023-03-22 09:15:05.700000,1952.5,1597.5,1775.0,-355.0
600519,2023-03-22 09:15:05.700000,1952.5,1597.5,1775.0,-355.0
600519,2023-03-22 09:15:05.700000,1952.5,1597.5,1775.0,-355.0
600519,2023-03-22 09:15:05.700000,1952.5,1597.5,1775.0,-355.0
600519,2023-03-22 09:15:05.700000,1952.5,1597.5,1775.0,-355.0
600519,2023-03-22 09:15:05.700000,1952.5,1597.5,1775.0,-355.0
600519,2023-03-22 09:15:05.700000,1952.5,1597.5,1775.0,-355.0
600519,2023-03-22 09:15:05.700000,1952.5,1597.5,1775.0,-355.0
600519,2023-03-22 09:15:05.700000,1952.5,1597.5,1775.0,-355.0
600519,2023-03-22 09:15:05.860000,1952.5,1597.5,1775.0,-355.0
600519,2023-03-22 09:15:05.860000,1952.5,1597.5,1775.0,-355.0
600519,2023-03-22 09:15:05.860000,1952.5,1597.5,1775.0,-355.0
600519,2023-03-22 09:15:05.860000,1952.5,1597.5,1775.0,-355.0
600519,2023-03-22 09:15:05.860000,1952.5,1597.5,1775.0,-355.0
600519,2023-03-22 09:15:05.860000,1952.5,1597.5,1775.0,-355.0
600519,2023-03-22 09:15:05.860000,1952.5,1597.5,1775.0,-355.0
600519,2023-03-22 09:15:05.860000,1952.5,1597.5,1775.0,-355.0
600519,2023-03-22 09:15:05.860000,1952.5,1597.5,1775.0,-355.0
600519,2023-03-22 09:15:06,1952.5,1597.5,1775.0,-355.0
600519,2023-03-22 09:15:06,1952.5,1597.5,1775.0,-355.0
600519,2023-03-22 09:15:06,1952.5,1597.5,1775.0,-355.0
600519,2023-03-22 09:15:06,1952.5,1597.5,1775.0,-355.0
600519,2023-03-22 09:15:06,1952.5,1597.5,1775.0,-355.0
600519,2023-03-22 09:15:06,1952.5,1597.5,1775.0,-355.0
600519,2023-03-22 09:15:06.140000,1952.5,1597.5,1775.0,-355.0
600519,2023-03-22 09:15:06.140000,1952.5,1597.5,1775.0,-355.0
600519,2023-03-22 09:15:06.140000,1952.5,1597.5,1775.0,-355.0
600519,2023-03-22 09:15:06.140000,1952.5,1597.5,1775.0,-355.0
600519,2023-03-22 09:15:06.140000,1952.5,1597.5,1775.0,-355.0
600519,2023-03-22 09:15:06.140000,1952.5,1597.5,1775.0,-355.0
600519,2023-03-22 09:15:06.140000,1952.5,1597.5,1775.0,-355.0
600519,2023-03-22 09:15:06.260000,1952.5,1597.5,1775.0,-355.0
600519,2023-03-22 09:15:06.260000,1952.5,1597.5,1775.0,-355.0
600519,2023-03-22 09:15:06.260000,1952.5,1597.5,1775.0,-355.0
600519,2023-03-22 09:15:06.260000,1952.5,1597.5,1775.0,-355.0
600519,2023-03-22 09:15:06.260000,1952.5,1597.5,1775.0,-355.0
600519,2023-03-22 09:15:06.260000,1952.5,1597.5,1775.0,-355.0
600519,2023-03-22 09:15:06.260000,1952.5,1597.5,1775.0,-355.0
600519,2023-03-22 09:15:06.260000,1952.5,1597.5,1775.0,-355.0
600519,2023-03-22 09:15:06.260000,1952.5,1597.5,1775.0,-355.0
600519,2023-03-22 09:15:06.260000,1952.5,1597.5,1775.0,-355.0
600519,2023-03-22 09:15:06.260000,1952.5,1597.5,1775.0,-355.0
600519,2023-03-22 09:15:06.260000,1952.5,1597.5,1775.0,-355.0
600519,2023-03-22 09:15:06.410000,1952.5,1597.5,1775.0,-355.0
600519,2023-03-22 09:15:06.410000,1952.5,1597.5,1775.0,-355.0
600519,2023-03-22 09:15:06.480000,1952.5,1597.5,1775.0,-355.0
600519,2023-03-22 09:15:06.480000,1952.5,1597.5,1775.0,-355.0
600519,2023-03-22 09:15:06.480000,1952.5,1597.5,1775.0,-355.0
600519,2023-03-22 09:15:06.480000,1952.5,1597.5,1775.0,-355.0
600519,2023-03-22 09:15:06.480000,1952.5,1597.5,1775.0,-355.0
600519,2023-03-22 09:15:06.480000,1952.5,1597.5,1775.0,-355.0
600519,2023-03-22 09:15:06.480000,1952.5,1597.5,1775.0,-355.0
600519,2023-03-22 09:15:06.480000,1952.5,1597.5,1775.0,-355.0
600519,2023-03-22 09:15:06.480000,1952.5,1597.5,1775.0,-355.0
600519,2023-03-22 09:15:06.630000,1952.5,1597.5,1775.0,-355.0
600519,2023-03-22 09:15:06.670000,1952.5,1597.5,1775.0,-355.0
600519,2023-03-22 09:15:06.670000,1952.5,1597.5,1775.0,-355.0
600519,2023-03-22 09:15:06.670000,1952.5,1597.5,1775.0,-355.0
600519,2023-03-22 09:15:06.670000,1952.5,1597.5,1775.0,-355.0
600519,2023-03-22 09:15:06.670000,1952.5,1597.5,1775.0,-355.0
600519,2023-03-22 09:15:06.670000,1952.5,1597.5,1775.0,-355.0
600519,2023-03-22 09:15:06.670000,1952.5,1597.5,1775.0,-355.0
600519,2023-03-22 09:15:06.670000,1952.5,1597.5,1775.0,-355.0
600519,2023-03-22 09:15:06.670000,1952.5,1597.5,1775.0,-355.0
600519,2023-03-22 09:15:06.670000,1952.5,1597.5,1775.0,-355.0
600519,2023-03-22 09:15:06.820000,1952.5,1597.5,1775.0,-355.0
600519,2023-03-22 09:15:06.820000,1952.5,1597.5,1775.0,-355.0
600519,2023-03-22 09:15:06.820000,1952.5,1597.5,1775.0,-355.0
600519,2023-03-22 09:15:06.820000,1952.5,1597.5,1775.0,-355.0
600519,2023-03-22 09:15:06.920000,1952.5,1597.5,1775.0,-355.0
600519,2023-03-22 09:15:06.920000,1952.5,1597.5,1775.0,-355.0
600519,2023-03-22 09:15:06.920000,1952.5,1597.5,1775.0,-355.0
600519,2023-03-22 09:15:06.920000,1952.5,1597.5,1775.0,-355.0
600519,2023-03-22 09:15:06.920000,1952.5,1597.5,1775.0,-355.0
600519,2023-03-22 09:15:06.920000,1952.5,1597.5,1775.0,-355.0
600519,2023-03-22 09:15:06.920000,1952.5,1597.5,1775.0,-355.0
600519,2023-03-22 09:15:06.920000,1952.5,1597.5,1775.0,-355.0
600519,2023-03-22 09:15:07.080000,1952.5,1597.5,1775.0,-355.0
600519,2023-03-22 09:15:07.080000,1952.5,1597.5,1775.0,-355.0
600519,2023-03-22 09:15:07.080000,1952.5,1597.5,1775.0,-355.0
600519,2023-03-22 09:15:07.080000,1952.5,1597.5,1775.0,-355.0
600519,2023-03-22 09:15:07.080000,1952.5,1597.5,1775.0,-355.0
600519,2023-03-22 09:15:07.080000,1952.5,1597.5,1775.0,-355.0
600519,2023-03-22 09:15:07.080000,1952.5,1597.5,1775.0,-355.0
600519,2023-03-22 09:15:07.210000,1952.5,1597.5,1775.0,-355.0
600519,2023-03-22 09:15:07.210000,1952.5,1597.5,1775.0,-355.0
600519,2023-03-22 09:15:07.210000,1952.5,1597.5,1775.0,-355.0
600519,2023-03-22 09:15:07.210000,1952.5,1597.5,1775.0,-355.0
600519,2023-03-22 09:15:07.210000,1952.5,1597.5,1775.0,-355.0
600519,2023-03-22 09:15:07.210000,1952.5,1597.5,1775.0,-355.0
600519,2023-03-22 09:15:07.210000,1952.5,1597.5,1775.0,-355.0
600519,2023-03-22 09:15:07.210000,1952.5,1597.5,1775.0,-355.0
600519,2023-03-22 09:15:07.370000,1952.5,1597.5,1775.0,-355.0
600519,2023-03-22 09:15:07.370000,1952.5,1597.5,1775.0,-355.0
600519,2023-03-22 09:15:07.370000,1952.5,1597.5,1775.0,-355.0
600519,2023-03-22 09:15:07.370000,1952.5,1597.5,1775.0,-355.0
600519,2023-03-22 09:15:07.370000,1952.5,1597.5,1775.0,-355.0
600519,2023-03-22 09:15:07.370000,1952.5,1597.5,1775.0,-355.0
600519,2023-03-22 09:15:07.370000,1952.5,1597.5,1775.0,-355.0
600519,2023-03-22 09:15:07.370000,1952.5,1597.5,1775.0,-355.0
600519,2023-03-22 09:15:07.370000,1952.5,1597.5,1775.0,-355.0
600519,2023-03-22 09:15:07.530000,1952.5,1597.5,1775.0,-355.0
600519,2023-03-22 09:15:07.530000,1952.5,1597.5,1775.0,-355.0
600519,2023-03-22 09:15:07.530000,1952.5,1597.5,1775.0,-355.0
600519,2023-03-22 09:15:07.530000,1952.5,1597.5,1775.0,-355.0
600519,2023-03-22 09:15:07.530000,1952.5,1597.5,1775.0,-355.0
600519,2023-03-22 09:15:07.530000,1952.5,1597.5,1775.0,-355.0
600519,2023-03-22 09:15:07.530000,1952.5,1597.5,1775.0,-355.0
600519,2023-03-22 09:15:07.530000,1952.5,1597.5,1775.0,-355.0
600519,2023-03-22 09:15:07.530000,1952.5,1597.5,1775.0,-355.0
600519,2023-03-22 09:15:07.530000,1952.5,1597.5,1775.0,-355.0
600519,2023-03-22 09:15:07.530000,1952.5,1597.5,1775.0,-355.0
600519,2023-03-22 09:15:07.530000,1952.5,1597.5,1775.0,-355.0
600519,2023-03-22 09:15:07.530000,1952.5,1597.5,1775.0,-355.0
600519,2023-03-22 09:15:07.530000,1952.5,1597.5,1775.0,-355.0
600519,2023-03-22 09:15:07.530000,1952.5,1597.5,1775.0,-355.0
600519,2023-03-22 09:15:07.530000,1952.5,1597.5,1775.0,-355.0
600519,2023-03-22 09:15:07.530000,1952.5,1597.5,1775.0,-355.0
600519,2023-03-22 09:15:07.530000,1952.5,1597.5,1775.0,-355.0
600519,2023-03-22 09:15:07.530000,1952.5,1597.5,1775.0,-355.0
600519,2023-03-22 09:15:07.530000,1952.5,1597.5,1775.0,-355.0
600519,2023-03-22 09:15:07.650000,1952.5,1597.5,1775.0,-355.0
600519,2023-03-22 09:15:07.650000,1952.5,1597.5,1775.0,-355.0
600519,2023-03-22 09:15:07.650000,1952.5,1597.5,1775.0,-355.0
600519,2023-03-22 09:15:07.650000,1952.5,1597.5,1775.0,-355.0
600519,2023-03-22 09:15:07.650000,1952.5,1597.5,1775.0,-355.0
600519,2023-03-22 09:15:07.650000,1952.5,1597.5,1775.0,-355.0
600519,2023-03-22 09:15:07.650000,1952.5,1597.5,1775.0,-355.0
600519,2023-03-22 09:15:07.820000,1952.5,1597.5,1775.0,-355.0
600519,2023-03-22 09:15:07.820000,1952.5,1597.5,1775.0,-355.0
600519,2023-03-22 09:15:07.820000,1952.5,1597.5,1775.0,-355.0
600519,2023-03-22 09:15:07.820000,1952.5,1597.5,1775.0,-355.0
600519,2023-03-22 09:15:07.820000,1952.5,1597.5,1775.0,-355.0
600519,2023-03-22 09:15:07.820000,1952.5,1597.5,1775.0,-355.0
600519,2023-03-22 09:15:07.820000,1952.5,1597.5,1775.0,-355.0
600519,2023-03-22 09:15:07.820000,1952.5,1597.5,1775.0,-355.0
600519,2023-03-22 09:15:07.820000,1952.5,1597.5,1775.0,-355.0
600519,2023-03-22 09:15:07.820000,1952.5,1597.5,1775.0,-355.0
600519,2023-03-22 09:15:07.820000,1952.5,1597.5,1775.0,-355.0
600519,2023-03-22 09:15:07.820000,1952.5,1597.5,1775.0,-355.0
600519,2023-03-22 09:15:07.820000,1952.5,1597.5,1775.0,-355.0
600519,2023-03-22 09:15:07.820000,1952.5,1597.5,1775.0,-355.0
600519,2023-03-22 09:15:07.820000,1952.5,1597.5,1775.0,-355.0
600519,2023-03-22 09:15:07.820000,1952.5,1597.5,1775.0,-355.0
600519,2023-03-22 09:15:07.820000,1952.5,1597.5,1775.0,-355.0
600519,2023-03-22 09:15:07.820000,1952.5,1597.5,1775.0,-355.0
600519,2023-03-22 09:15:07.980000,1952.5,1597.5,1775.0,-355.0
600519,2023-03-22 09:15:07.980000,1952.5,1597.5,1775.0,-355.0
600519,2023-03-22 09:15:07.980000,1952.5,1597.5,1775.0,-355.0
600519,2023-03-22 09:15:07.980000,1952.5,1597.5,1775.0,-355.0
600519,2023-03-22 09:15:07.980000,1952.5,1597.5,1775.0,-355.0
600519,2023-03-22 09:15:07.980000,1952.5,1597.5,1775.0,-355.0
600519,2023-03-22 09:15:07.980000,1952.5,1597.5,1775.0,-355.0
600519,2023-03-22 09:15:07.980000,1952.5,1597.5,1775.0,-355.0
600519,2023-03-22 09:15:07.980000,1952.5,1597.5,1775.0,-355.0
600519,2023-03-22 09:15:07.980000,1952.5,1597.5,1775.0,-355.0
600519,2023-03-22 09:15:07.980000,1952.5,1597.5,1775.0,-355.0
600519,2023-03-22 09:15:07.980000,1952.5,1597.5,1775.0,-355.0
600519,2023-03-22 09:15:07.980000,1952.5,1597.5,1775.0,-355.0
600519,2023-03-22 09:15:07.980000,1952.5,1597.5,1775.0,-355.0
600519,2023-03-22 09:15:07.980000,1952.5,1597.5,1775.0,-355.0
600519,2023-03-22 09:15:08.130000,1952.5,1597.5,1775.0,-355.0
600519,2023-03-22 09:15:08.130000,1952.5,1597.5,1775.0,-355.0
600519,2023-03-22 09:15:08.180000,1952.5,1597.5,1775.0,-355.0
600519,2023-03-22 09:15:08.180000,1952.5,1597.5,1775.0,-355.0
600519,2023-03-22 09:15:08.180000,1952.5,1597.5,1775.0,-355.0
600519,2023-03-22 09:15:08.180000,1952.5,1597.5,1775.0,-355.0
600519,2023-03-22 09:15:08.180000,1952.5,1597.5,1775.0,-355.0
600519,2023-03-22 09:15:08.180000,1952.5,1597.5,1775.0,-355.0
600519,2023-03-22 09:15:08.230000,1952.5,1597.5,1775.0,-355.0
600519,2023-03-22 09:15:08.230000,1952.5,1597.5,1775.0,-355.0
600519,2023-03-22 09:15:08.230000,1952.5,1597.5,1775.0,-355.0
600519,2023-03-22 09:15:08.230000,1952.5,1597.5,1775.0,-355.0
600519,2023-03-22 09:15:08.230000,1952.5,1597.5,1775.0,-355.0
600519,2023-03-22 09:15:08.230000,1952.5,1597.5,1775.0,-355.0
600519,2023-03-22 09:15:08.230000,1952.5,1597.5,1775.0,-355.0
600519,2023-03-22 09:15:08.230000,1952.5,1597.5,1775.0,-355.0
600519,2023-03-22 09:15:08.230000,1952.5,1597.5,1775.0,-355.0
600519,2023-03-22 09:15:08.230000,1952.5,1597.5,1775.0,-355.0
600519,2023-03-22 09:15:08.230000,1952.5,1597.5,1775.0,-355.0
600519,2023-03-22 09:15:08.230000,1952.5,1597.5,1775.0,-355.0
600519,2023-03-22 09:15:08.230000,1952.5,1597.5,1775.0,-355.0
600519,2023-03-22 09:15:08.230000,1952.5,1597.5,1775.0,-355.0
600519,2023-03-22 09:15:08.230000,1952.5,1597.5,1775.0,-355.0
600519,2023-03-22 09:15:08.230000,1952.5,1597.5,1775.0,-355.0
600519,2023-03-22 09:15:08.230000,1952.5,1597.5,1775.0,-355.0
600519,2023-03-22 09:15:08.230000,1952.5,1597.5,1775.0,-355.0
600519,2023-03-22 09:15:08.230000,1952.5,1597.5,1775.0,-355.0
600519,2023-03-22 09:15:08.230000,1952.5,1597.5,1775.0,-355.0
600519,2023-03-22 09:15:08.230000,1952.5,1597.5,1775.0,-355.0
600519,2023-03-22 09:15:08.230000,1952.5,1597.5,1775.0,-355.0
600519,2023-03-22 09:15:08.230000,1952.5,1597.5,1775.0,-355.0
600519,2023-03-22 09:15:08.230000,1952.5,1597.5,1775.0,-355.0
600519,2023-03-22 09:15:08.390000,1952.5,1597.5,1775.0,-355.0
600519,2023-03-22 09:15:08.430000,1952.5,1597.5,1775.0,-355.0
600519,2023-03-22 09:15:08.430000,1952.5,1597.5,1775.0,-355.0
600519,2023-03-22 09:15:08.430000,1952.5,1597.5,1775.0,-355.0
600519,2023-03-22 09:15:08.430000,1952.5,1597.5,1775.0,-355.0
600519,2023-03-22 09:15:08.430000,1952.5,1597.5,1775.0,-355.0
600519,2023-03-22 09:15:08.430000,1952.5,1597.5,1775.0,-355.0
600519,2023-03-22 09:15:08.540000,1952.5,1597.5,1775.0,-355.0
600519,2023-03-22 09:15:08.540000,1952.5,1597.5,1775.0,-355.0
600519,2023-03-22 09:15:08.540000,1952.5,1597.5,1775.0,-355.0
600519,2023-03-22 09:15:08.540000,1952.5,1597.5,1775.0,-355.0
600519,2023-03-22 09:15:08.540000,1952.5,1597.5,1775.0,-355.0
600519,2023-03-22 09:15:08.540000,1952.5,1597.5,1775.0,-355.0
600519,2023-03-22 09:15:08.540000,1952.5,1597.5,1775.0,-355.0
600519,2023-03-22 09:15:08.540000,1952.5,1597.5,1775.0,-355.0
600519,2023-03-22 09:15:08.540000,1952.5,1597.5,1775.0,-355.0
600519,2023-03-22 09:15:08.540000,1952.5,1597.5,1775.0,-355.0
600519,2023-03-22 09:15:08.540000,1952.5,1597.5,1775.0,-355.0
600519,2023-03-22 09:15:08.700000,1952.5,1597.5,1775.0,-355.0
600519,2023-03-22 09:15:08.700000,1952.5,1597.5,1775.0,-355.0
600519,2023-03-22 09:15:08.700000,1952.5,1597.5,1775.0,-355.0
600519,2023-03-22 09:15:08.700000,1952.5,1597.5,1775.0,-355.0
600519,2023-03-22 09:15:08.700000,1952.5,1597.5,1775.0,-355.0
600519,2023-03-22 09:15:08.830000,1952.5,1597.5,1775.0,-355.0
600519,2023-03-22 09:15:08.830000,1952.5,1597.5,1775.0,-355.0
600519,2023-03-22 09:15:08.830000,1952.5,1597.5,1775.0,-355.0
600519,2023-03-22 09:15:08.830000,1952.5,1597.5,1775.0,-355.0
600519,2023-03-22 09:15:08.830000,1952.5,1597.5,1775.0,-355.0
600519,2023-03-22 09:15:08.830000,1952.5,1597.5,1775.0,-355.0
600519,2023-03-22 09:15:08.830000,1952.5,1597.5,1775.0,-355.0
600519,2023-03-22 09:15:08.830000,1952.5,1597.5,1775.0,-355.0
600519,2023-03-22 09:15:08.830000,1952.5,1597.5,1775.0,-355.0
600519,2023-03-22 09:15:08.830000,1952.5,1597.5,1775.0,-355.0
600519,2023-03-22 09:15:08.830000,1952.5,1597.5,1775.0,-355.0
600519,2023-03-22 09:15:08.830000,1952.5,1597.5,1775.0,-355.0
600519,2023-03-22 09:15:08.830000,1952.5,1597.5,1775.0,-355.0
600519,2023-03-22 09:15:08.830000,1952.5,1597.5,1775.0,-355.0
600519,2023-03-22 09:15:08.830000,1952.5,1597.5,1775.0,-355.0
600519,2023-03-22 09:15:08.830000,1952.5,1597.5,1775.0,-355.0
600519,2023-03-22 09:15:09.010000,1952.5,1597.5,1775.0,-355.0
600519,2023-03-22 09:15:09.010000,1952.5,1597.5,1775.0,-355.0
600519,2023-03-22 09:15:09.010000,1952.5,1597.5,1775.0,-355.0
600519,2023-03-22 09:15:09.010000,1952.5,1597.5,1775.0,-355.0
600519,2023-03-22 09:15:09.010000,1952.5,1597.5,1775.0,-355.0
600519,2023-03-22 09:15:09.010000,1952.5,1597.5,1775.0,-355.0
600519,2023-03-22 09:15:09.010000,1952.5,1597.5,1775.0,-355.0
600519,2023-03-22 09:15:09.010000,1952.5,1597.5,1775.0,-355.0
600519,2023-03-22 09:15:09.010000,1952.5,1597.5,1775.0,-355.0
600519,2023-03-22 09:15:09.010000,1952.5,1597.5,1775.0,-355.0
600519,2023-03-22 09:15:09.010000,1952.5,1597.5,1775.0,-355.0
600519,2023-03-22 09:15:09.120000,1952.5,1597.5,1775.0,-355.0
600519,2023-03-22 09:15:09.120000,1952.5,1597.5,1775.0,-355.0
600519,2023-03-22 09:15:09.120000,1952.5,1597.5,1775.0,-355.0
600519,2023-03-22 09:15:09.120000,1952.5,1597.5,1775.0,-355.0
600519,2023-03-22 09:15:09.120000,1952.5,1597.5,1775.0,-355.0
600519,2023-03-22 09:15:09.120000,1952.5,1597.5,1775.0,-355.0
600519,2023-03-22 09:15:09.120000,1952.5,1597.5,1775.0,-355.0
600519,2023-03-22 09:15:09.120000,1952.5,1597.5,1775.0,-355.0
600519,2023-03-22 09:15:09.120000,1952.5,1597.5,1775.0,-355.0
600519,2023-03-22 09:15:09.120000,1952.5,1597.5,1775.0,-355.0
600519,2023-03-22 09:15:09.120000,1952.5,1597.5,1775.0,-355.0
600519,2023-03-22 09:15:09.120000,1952.5,1597.5,1775.0,-355.0
600519,2023-03-22 09:15:09.280000,1952.5,1597.5,1775.0,-355.0
600519,2023-03-22 09:15:09.280000,1952.5,1597.5,1775.0,-355.0
600519,2023-03-22 09:15:09.280000,1952.5,1597.5,1775.0,-355.0
600519,2023-03-22 09:15:09.280000,1952.5,1597.5,1775.0,-355.0
600519,2023-03-22 09:15:09.280000,1952.5,1597.5,1775.0,-355.0
600519,2023-03-22 09:15:09.400000,1952.5,1597.5,1775.0,-355.0
600519,2023-03-22 09:15:09.400000,1952.5,1597.5,1775.0,-355.0
600519,2023-03-22 09:15:09.400000,1952.5,1597.5,1775.0,-355.0
600519,2023-03-22 09:15:09.400000,1952.5,1597.5,1775.0,-355.0
600519,2023-03-22 09:15:09.400000,1952.5,1597.5,1775.0,-355.0
600519,2023-03-22 09:15:09.400000,1952.5,1597.5,1775.0,-355.0
600519,2023-03-22 09:15:09.400000,1952.5,1597.5,1775.0,-355.0
600519,2023-03-22 09:15:09.400000,1952.5,1597.5,1775.0,-355.0
600519,2023-03-22 09:15:09.400000,1952.5,1597.5,1775.0,-355.0
600519,2023-03-22 09:15:09.400000,1952.5,1597.5,1775.0,-355.0
600519,2023-03-22 09:15:09.400000,1952.5,1597.5,1775.0,-355.0
600519,2023-03-22 09:15:09.600000,1952.5,1597.5,1775.0,-355.0
600519,2023-03-22 09:15:09.600000,1952.5,1597.5,1775.0,-355.0
600519,2023-03-22 09:15:09.600000,1952.5,1597.5,1775.0,-355.0
600519,2023-03-22 09:15:09.600000,1952.5,1597.5,1775.0,-355.0
600519,2023-03-22 09:15:09.600000,1952.5,1597.5,1775.0,-355.0
600519,2023-03-22 09:15:09.710000,1952.5,1597.5,1775.0,-355.0
600519,2023-03-22 09:15:09.710000,1952.5,1597.5,1775.0,-355.0
600519,2023-03-22 09:15:09.710000,1952.5,1597.5,1775.0,-355.0
600519,2023-03-22 09:15:09.710000,1952.5,1597.5,1775.0,-355.0
600519,2023-03-22 09:15:09.710000,1952.5,1597.5,1775.0,-355.0
600519,2023-03-22 09:15:09.710000,1952.5,1597.5,1775.0,-355.0
600519,2023-03-22 09:15:09.710000,1952.5,1597.5,1775.0,-355.0
600519,2023-03-22 09:15:09.710000,1952.5,1597.5,1775.0,-355.0
600519,2023-03-22 09:15:09.710000,1952.5,1597.5,1775.0,-355.0
600519,2023-03-22 09:15:09.710000,1952.5,1597.5,1775.0,-355.0
600519,2023-03-22 09:15:09.710000,1952.5,1597.5,1775.0,-355.0
600519,2023-03-22 09:15:09.710000,1952.5,1597.5,1775.0,-355.0
600519,2023-03-22 09:15:09.710000,1952.5,1597.5,1775.0,-355.0
600519,2023-03-22 09:15:09.710000,1952.5,1597.5,1775.0,-355.0
600519,2023-03-22 09:15:09.710000,1952.5,1597.5,1775.0,-355.0
600519,2023-03-22 09:15:09.710000,1952.5,1597.5,1775.0,-355.0
600519,2023-03-22 09:15:09.710000,1952.5,1597.5,1775.0,-355.0
600519,2023-03-22 09:15:09.710000,1952.5,1597.5,1775.0,-355.0
600519,2023-03-22 09:15:09.710000,1952.5,1597.5,1775.0,-355.0
600519,2023-03-22 09:15:09.710000,1952.5,1597.5,1775.0,-355.0
600519,2023-03-22 09:15:09.880000,1952.5,1597.5,1775.0,-355.0
600519,2023-03-22 09:15:09.880000,1952.5,1597.5,1775.0,-355.0
600519,2023-03-22 09:15:09.880000,1952.5,1597.5,1775.0,-355.0
600519,2023-03-22 09:15:09.880000,1952.5,1597.5,1775.0,-355.0
600519,2023-03-22 09:15:09.880000,1952.5,1597.5,1775.0,-355.0
600519,2023-03-22 09:15:09.880000,1952.5,1597.5,1775.0,-355.0
600519,2023-03-22 09:15:09.880000,1952.5,1597.5,1775.0,-355.0
600519,2023-03-22 09:15:09.880000,1952.5,1597.5,1775.0,-355.0
600519,2023-03-22 09:15:09.880000,1952.5,1597.5,1775.0,-355.0
600519,2023-03-22 09:15:09.880000,1952.5,1597.5,1775.0,-355.0
600519,2023-03-22 09:15:09.880000,1952.5,1597.5,1775.0,-355.0
600519,2023-03-22 09:15:09.880000,1952.5,1597.5,1775.0,-355.0
600519,2023-03-22 09:15:09.880000,1952.5,1597.5,1775.0,-355.0
600519,2023-03-22 09:15:09.880000,1952.5,1597.5,1775.0,-355.0
600519,2023-03-22 09:15:09.880000,1952.5,1597.5,1775.0,-355.0
600519,2023-03-22 09:15:09.880000,1952.5,1597.5,1775.0,-355.0
600519,2023-03-22 09:15:09.880000,1952.5,1597.5,1775.0,-355.0
600519,2023-03-22 09:15:09.880000,1952.5,1597.5,1775.0,-355.0
600519,2023-03-22 09:15:09.980000,1952.5,1597.5,1775.0,-355.0
600519,2023-03-22 09:15:09.980000,1952.5,1597.5,1775.0,-355.0
600519,2023-03-22 09:15:09.980000,1952.5,1597.5,1775.0,-355.0
600519,2023-03-22 09:15:09.980000,1952.5,1597.5,1775.0,-355.0
600519,2023-03-22 09:15:09.980000,1952.5,1597.5,1775.0,-355.0
600519,2023-03-22 09:15:09.980000,1952.5,1597.5,1775.0,-355.0
600519,2023-03-22 09:15:09.980000,1952.5,1597.5,1775.0,-355.0
600519,2023-03-22 09:15:09.980000,1952.5,1597.5,1775.0,-355.0
600519,2023-03-22 09:15:09.980000,1952.5,1597.5,1775.0,-355.0
600519,2023-03-22 09:15:09.980000,1952.5,1597.5,1775.0,-355.0
600519,2023-03-22 09:15:09.980000,1952.5,1597.5,1775.0,-355.0
600519,2023-03-22 09:15:09.980000,1952.5,1597.5,1775.0,-355.0
600519,2023-03-22 09:15:09.980000,1952.5,1597.5,1775.0,-355.0
600519,2023-03-22 09:15:09.980000,1952.5,1597.5,1775.0,-355.0
600519,2023-03-22 09:15:09.980000,1952.5,1597.5,1775.0,-355.0
600519,2023-03-22 09:15:09.980000,1952.5,1597.5,1775.0,-355.0
600519,2023-03-22 09:15:09.980000,1952.5,1597.5,1775.0,-355.0
600519,2023-03-22 09:15:10.170000,1952.5,1597.5,1775.0,-355.0
600519,2023-03-22 09:15:10.170000,1952.5,1597.5,1775.0,-355.0
600519,2023-03-22 09:15:10.170000,1952.5,1597.5,1775.0,-355.0
600519,2023-03-22 09:15:10.170000,1952.5,1597.5,1775.0,-355.0
600519,2023-03-22 09:15:10.170000,1952.5,1597.5,1775.0,-355.0
600519,2023-03-22 09:15:10.170000,1952.5,1597.5,1775.0,-355.0
600519,2023-03-22 09:15:10.300000,1952.5,1597.5,1775.0,-355.0
600519,2023-03-22 09:15:10.300000,1952.5,1597.5,1775.0,-355.0
600519,2023-03-22 09:15:10.300000,1952.5,1597.5,1775.0,-355.0
600519,2023-03-22 09:15:10.300000,1952.5,1597.5,1775.0,-355.0
600519,2023-03-22 09:15:10.300000,1952.5,1597.5,1775.0,-355.0
600519,2023-03-22 09:15:10.340000,1952.5,1597.5,1775.0,-355.0
600519,2023-03-22 09:15:10.340000,1952.5,1597.5,1775.0,-355.0
600519,2023-03-22 09:15:10.340000,1952.5,1597.5,1775.0,-355.0
600519,2023-03-22 09:15:10.420000,1952.5,1597.5,1775.0,-355.0
600519,2023-03-22 09:15:10.420000,1952.5,1597.5,1775.0,-355.0
600519,2023-03-22 09:15:10.470000,1952.5,1597.5,1775.0,-355.0
600519,2023-03-22 09:15:10.470000,1952.5,1597.5,1775.0,-355.0
600519,2023-03-22 09:15:10.470000,1952.5,1597.5,1775.0,-355.0
600519,2023-03-22 09:15:10.470000,1952.5,1597.5,1775.0,-355.0
600519,2023-03-22 09:15:10.520000,1952.5,1597.5,1775.0,-355.0
600519,2023-03-22 09:15:10.590000,1952.5,1597.5,1775.0,-355.0
600519,2023-03-22 09:15:10.590000,1952.5,1597.5,1775.0,-355.0
600519,2023-03-22 09:15:10.630000,1952.5,1597.5,1775.0,-355.0
600519,2023-03-22 09:15:10.670000,1952.5,1597.5,1775.0,-355.0
600519,2023-03-22 09:15:10.670000,1952.5,1597.5,1775.0,-355.0
600519,2023-03-22 09:15:10.670000,1952.5,1597.5,1775.0,-355.0
600519,2023-03-22 09:15:10.670000,1952.5,1597.5,1775.0,-355.0
600519,2023-03-22 09:15:10.700000,1952.5,1597.5,1775.0,-355.0
600519,2023-03-22 09:15:10.700000,1952.5,1597.5,1775.0,-355.0
600519,2023-03-22 09:15:10.700000,1952.5,1597.5,1775.0,-355.0
600519,2023-03-22 09:15:10.700000,1952.5,1597.5,1775.0,-355.0
600519,2023-03-22 09:15:10.800000,1952.5,1597.5,1775.0,-355.0
600519,2023-03-22 09:15:10.840000,1952.5,1597.5,1775.0,-355.0
600519,2023-03-22 09:15:10.840000,1952.5,1597.5,1775.0,-355.0
600519,2023-03-22 09:15:10.840000,1952.5,1597.5,1775.0,-355.0
600519,2023-03-22 09:15:10.920000,1952.5,1597.5,1775.0,-355.0
600519,2023-03-22 09:15:10.940000,1952.5,1597.5,1775.0,-355.0
600519,2023-03-22 09:15:10.960000,1952.5,1597.5,1775.0,-355.0
600519,2023-03-22 09:15:10.960000,1952.5,1597.5,1775.0,-355.0
600519,2023-03-22 09:15:10.960000,1952.5,1597.5,1775.0,-355.0
600519,2023-03-22 09:15:11,1952.5,1597.5,1775.0,-355.0
600519,2023-03-22 09:15:11.160000,1952.5,1597.5,1775.0,-355.0
600519,2023-03-22 09:15:11.180000,1952.5,1597.5,1775.0,-355.0
600519,2023-03-22 09:15:11.180000,1952.5,1597.5,1775.0,-355.0
600519,2023-03-22 09:15:11.200000,1952.5,1597.5,1775.0,-355.0
600519,2023-03-22 09:15:11.240000,1952.5,1597.5,1775.0,-355.0
600519,2023-03-22 09:15:11.330000,1952.5,1597.5,1775.0,-355.0
600519,2023-03-22 09:15:11.330000,1952.5,1597.5,1775.0,-355.0
600519,2023-03-22 09:15:11.330000,1952.5,1597.5,1775.0,-355.0
600519,2023-03-22 09:15:11.330000,1952.5,1597.5,1775.0,-355.0
600519,2023-03-22 09:15:11.370000,1952.5,1597.5,1775.0,-355.0
600519,2023-03-22 09:15:11.420000,1952.5,1597.5,1775.0,-355.0
600519,2023-03-22 09:15:11.420000,1952.5,1597.5,1775.0,-355.0
600519,2023-03-22 09:15:11.420000,1952.5,1597.5,1775.0,-355.0
600519,2023-03-22 09:15:11.420000,1952.5,1597.5,1775.0,-355.0
600519,2023-03-22 09:15:11.420000,1952.5,1597.5,1775.0,-355.0
600519,2023-03-22 09:15:11.540000,1952.5,1597.5,1775.0,-355.0
600519,2023-03-22 09:15:11.580000,1952.5,1597.5,1775.0,-355.0
600519,2023-03-22 09:15:11.600000,1952.5,1597.5,1775.0,-355.0
600519,2023-03-22 09:15:11.710000,1952.5,1597.5,1775.0,-355.0
600519,2023-03-22 09:15:11.740000,1952.5,1597.5,1775.0,-355.0
600519,2023-03-22 09:15:11.890000,1952.5,1597.5,1775.0,-355.0
600519,2023-03-22 09:15:11.890000,1952.5,1597.5,1775.0,-355.0
600519,2023-03-22 09:15:11.960000,1952.5,1597.5,1775.0,-355.0
600519,2023-03-22 09:15:12.030000,1952.5,1597.5,1775.0,-355.0
600519,2023-03-22 09:15:12.060000,1952.5,1597.5,1775.0,-355.0
600519,2023-03-22 09:15:12.160000,1952.5,1597.5,1775.0,-355.0
600519,2023-03-22 09:15:12.230000,1952.5,1597.5,1775.0,-355.0
600519,2023-03-22 09:15:12.300000,1952.5,1597.5,1775.0,-355.0
600519,2023-03-22 09:15:12.300000,1952.5,1597.5,1775.0,-355.0
600519,2023-03-22 09:15:12.330000,1952.5,1597.5,1775.0,-355.0
600519,2023-03-22 09:15:12.330000,1952.5,1597.5,1775.0,-355.0
600519,2023-03-22 09:15:12.400000,1952.5,1597.5,1775.0,-355.0
600519,2023-03-22 09:15:12.540000,1952.5,1597.5,1775.0,-355.0
600519,2023-03-22 09:15:12.560000,1952.5,1597.5,1775.0,-355.0
600519,2023-03-22 09:15:12.600000,1952.5,1597.5,1775.0,-355.0
600519,2023-03-22 09:15:12.630000,1952.5,1597.5,1775.0,-355.0
600519,2023-03-22 09:15:12.650000,1952.5,1597.5,1775.0,-355.0
600519,2023-03-22 09:15:12.680000,1952.5,1597.5,1775.0,-355.0
600519,2023-03-22 09:15:12.680000,1952.5,1597.5,1775.0,-355.0
600519,2023-03-22 09:15:12.820000,1952.5,1597.5,1775.0,-355.0
600519,2023-03-22 09:15:12.890000,1952.5,1597.5,1775.0,-355.0
600519,2023-03-22 09:15:12.990000,1952.5,1597.5,1775.0,-355.0
600519,2023-03-22 09:15:13.070000,1952.5,1597.5,1775.0,-355.0
600519,2023-03-22 09:15:13.070000,1952.5,1597.5,1775.0,-355.0
600519,2023-03-22 09:15:13.070000,1952.5,1597.5,1775.0,-355.0
600519,2023-03-22 09:15:13.130000,1952.5,1597.5,1775.0,-355.0
600519,2023-03-22 09:15:13.200000,1952.5,1597.5,1775.0,-355.0
600519,2023-03-22 09:15:13.200000,1952.5,1597.5,1775.0,-355.0
600519,2023-03-22 09:15:13.200000,1952.5,1597.5,1775.0,-355.0
600519,2023-03-22 09:15:13.240000,1952.5,1597.5,1775.0,-355.0
600519,2023-03-22 09:15:13.380000,1952.5,1597.5,1775.0,-355.0
600519,2023-03-22 09:15:13.440000,1952.5,1597.5,1775.0,-355.0
600519,2023-03-22 09:15:13.480000,1952.5,1597.5,1775.0,-355.0
600519,2023-03-22 09:15:13.480000,1952.5,1597.5,1775.0,-355.0
600519,2023-03-22 09:15:13.510000,1952.5,1597.5,1775.0,-355.0
600519,2023-03-22 09:15:13.640000,1952.5,1597.5,1775.0,-355.0
600519,2023-03-22 09:15:13.690000,1952.5,1597.5,1775.0,-355.0
600519,2023-03-22 09:15:13.690000,1952.5,1597.5,1775.0,-355.0
600519,2023-03-22 09:15:13.730000,1952.5,1597.5,1775.0,-355.0
600519,2023-03-22 09:15:13.850000,1952.5,1597.5,1775.0,-355.0
600519,2023-03-22 09:15:13.880000,1952.5,1597.5,1775.0,-355.0
600519,2023-03-22 09:15:13.920000,1952.5,1597.5,1775.0,-355.0
600519,2023-03-22 09:15:14,1952.5,1597.5,1775.0,-355.0
600519,2023-03-22 09:15:14.030000,1952.5,1597.5,1775.0,-355.0
600519,2023-03-22 09:15:14.030000,1952.5,1597.5,1775.0,-355.0
600519,2023-03-22 09:15:14.140000,1952.5,1597.5,1775.0,-355.0
600519,2023-03-22 09:15:14.140000,1952.5,1597.5,1775.0,-355.0
600519,2023-03-22 09:15:14.170000,1952.5,1597.5,1775.0,-355.0
600519,2023-03-22 09:15:14.170000,1952.5,1597.5,1775.0,-355.0
600519,2023-03-22 09:15:14.170000,1952.5,1597.5,1775.0,-355.0
600519,2023-03-22 09:15:14.170000,1952.5,1597.5,1775.0,-355.0
600519,2023-03-22 09:15:14.240000,1952.5,1597.5,1775.0,-355.0
600519,2023-03-22 09:15:14.240000,1952.5,1597.5,1775.0,-355.0
600519,2023-03-22 09:15:14.300000,1952.5,1597.5,1775.0,-355.0
600519,2023-03-22 09:15:14.300000,1952.5,1597.5,1775.0,-355.0
600519,2023-03-22 09:15:14.410000,1952.5,1597.5,1775.0,-355.0
600519,2023-03-22 09:15:14.410000,1952.5,1597.5,1775.0,-355.0
600519,2023-03-22 09:15:14.410000,1952.5,1597.5,1775.0,-355.0
600519,2023-03-22 09:15:14.410000,1952.5,1597.5,1775.0,-355.0
600519,2023-03-22 09:15:14.410000,1952.5,1597.5,1775.0,-355.0
600519,2023-03-22 09:15:14.410000,1952.5,1597.5,1775.0,-355.0
600519,2023-03-22 09:15:14.480000,1952.5,1597.5,1775.0,-355.0
600519,2023-03-22 09:15:14.480000,1952.5,1597.5,1775.0,-355.0
600519,2023-03-22 09:15:14.480000,1952.5,1597.5,1775.0,-355.0
600519,2023-03-22 09:15:14.510000,1952.5,1597.5,1775.0,-355.0
600519,2023-03-22 09:15:14.510000,1952.5,1597.5,1775.0,-355.0
600519,2023-03-22 09:15:14.510000,1952.5,1597.5,1775.0,-355.0
600519,2023-03-22 09:15:14.510000,1952.5,1597.5,1775.0,-355.0
600519,2023-03-22 09:15:14.510000,1952.5,1597.5,1775.0,-355.0
600519,2023-03-22 09:15:14.510000,1952.5,1597.5,1775.0,-355.0
600519,2023-03-22 09:15:14.540000,1952.5,1597.5,1775.0,-355.0
600519,2023-03-22 09:15:14.560000,1952.5,1597.5,1775.0,-355.0
600519,2023-03-22 09:15:14.700000,1952.5,1597.5,1775.0,-355.0
600519,2023-03-22 09:15:14.700000,1952.5,1597.5,1775.0,-355.0
600519,2023-03-22 09:15:14.750000,1952.5,1597.5,1775.0,-355.0
600519,2023-03-22 09:15:14.790000,1952.5,1597.5,1775.0,-355.0
600519,2023-03-22 09:15:14.790000,1952.5,1597.5,1775.0,-355.0
600519,2023-03-22 09:15:14.790000,1952.5,1597.5,1775.0,-355.0
600519,2023-03-22 09:15:15.130000,1952.5,1597.5,1775.0,-355.0
600519,2023-03-22 09:15:17.540000,1952.5,1597.5,1775.0,-355.0
600519,2023-03-22 09:15:17.550000,1952.5,1597.5,1775.0,-355.0
600519,2023-03-22 09:15:17.610000,1952.5,1597.5,1775.0,-355.0
600519,2023-03-22 09:15:17.850000,1952.5,1597.5,1775.0,-355.0
600519,2023-03-22 09:15:18.510000,1952.5,1597.5,1775.0,-355.0
600519,2023-03-22 09:15:18.660000,1952.5,1597.5,1775.0,-355.0
600519,2023-03-22 09:15:18.760000,1952.5,1597.5,1775.0,-355.0
600519,2023-03-22 09:15:19.450000,1952.5,1597.5,1775.0,-355.0
600519,2023-03-22 09:15:21.470000,1952.5,1597.5,1775.0,-355.0
600519,2023-03-22 09:15:25.930000,1952.5,1597.5,1775.0,-355.0
600519,2023-03-22 09:15:27.380000,1952.5,1597.5,1775.0,-355.0
600519,2023-03-22 09:15:28.230000,1952.5,1597.5,1775.0,-355.0
600519,2023-03-22 09:15:30.820000,1952.5,1597.5,1775.0,-355.0
600519,2023-03-22 09:15:30.890000,1952.5,1597.5,1775.0,-355.0
600519,2023-03-22 09:15:30.960000,1952.5,1597.5,1775.0,-355.0
600519,2023-03-22 09:15:30.960000,1952.5,1597.5,1775.0,-355.0
600519,2023-03-22 09:15:34.090000,1952.5,1597.5,1775.0,-355.0
600519,2023-03-22 09:15:34.330000,1952.5,1597.5,1775.0,-355.0
600519,2023-03-22 09:15:35.810000,1952.5,1597.5,1775.0,-355.0
600519,2023-03-22 09:15:36.470000,1952.5,1597.5,1775.0,-355.0
600519,2023-03-22 09:15:36.490000,1952.5,1597.5,1775.0,-355.0
600519,2023-03-22 09:15:36.900000,1952.5,1597.5,1775.0,-355.0
600519,2023-03-22 09:15:38.960000,1952.5,1597.5,1775.0,-355.0
600519,2023-03-22 09:15:39.830000,1952.5,1597.5,1775.0,-355.0
600519,2023-03-22 09:15:44.500000,1952.5,1597.5,1775.0,-355.0
600519,2023-03-22 09:15:45.140000,1952.5,1597.5,1775.0,-355.0
600519,2023-03-22 09:15:45.690000,1952.5,1597.5,1775.0,-355.0
600519,2023-03-22 09:15:48.880000,1952.5,1597.5,1775.0,-355.0
600519,2023-03-22 09:15:49.140000,1952.5,1597.5,1775.0,-355.0
600519,2023-03-22 09:15:49.140000,1952.5,1597.5,1775.0,-355.0
600519,2023-03-22 09:15:52.680000,1952.5,1597.5,1775.0,-355.0
600519,2023-03-22 09:15:53.310000,1952.5,1597.5,1775.0,-355.0
600519,2023-03-22 09:15:57.990000,1952.5,1597.5,1775.0,-355.0
600519,2023-03-22 09:15:59.290000,1952.5,1597.5,1775.0,-355.0
600519,2023-03-22 09:15:59.290000,1952.5,1597.5,1775.0,-355.0
600519,2023-03-22 09:16:00.820000,1952.5,1597.5,1775.0,-355.0
600519,2023-03-22 09:16:01.020000,1952.5,1597.5,1775.0,-355.0
600519,2023-03-22 09:16:02.090000,1952.5,1597.5,1775.0,-355.0
600519,2023-03-22 09:16:02.090000,1952.5,1597.5,1775.0,-355.0
600519,2023-03-22 09:16:04.210000,1952.5,1597.5,1775.0,-355.0
600519,2023-03-22 09:16:05.370000,1952.5,1597.5,1775.0,-355.0
600519,2023-03-22 09:16:07.720000,1952.5,1597.5,1775.0,-355.0
600519,2023-03-22 09:16:12.400000,1952.5,1597.5,1775.0,-355.0
600519,2023-03-22 09:16:15.550000,1952.5,1597.5,1775.0,-355.0
600519,2023-03-22 09:16:16.520000,1952.5,1597.5,1775.0,-355.0
600519,2023-03-22 09:16:17.790000,1952.5,1597.5,1775.0,-355.0
600519,2023-03-22 09:16:20.930000,1952.5,1597.5,1775.0,-355.0
600519,2023-03-22 09:16:22.910000,1952.5,1597.5,1775.0,-355.0
600519,2023-03-22 09:16:22.930000,1952.5,1597.5,1775.0,-355.0
600519,2023-03-22 09:16:29.080000,1952.5,1597.5,1775.0,-355.0
600519,2023-03-22 09:16:29.520000,1952.5,1597.5,1775.0,-355.0
600519,2023-03-22 09:16:29.630000,1952.5,1597.5,1775.0,-355.0
600519,2023-03-22 09:16:31.810000,1952.5,1597.5,1775.0,-355.0
600519,2023-03-22 09:16:34.880000,1952.5,1597.5,1775.0,-355.0
600519,2023-03-22 09:16:35.550000,1952.5,1597.5,1775.0,-355.0
600519,2023-03-22 09:16:38.920000,1952.5,1597.5,1775.0,-355.0
600519,2023-03-22 09:16:41.110000,1952.5,1597.5,1775.0,-355.0
600519,2023-03-22 09:16:45.640000,1952.5,1597.5,1775.0,-355.0
600519,2023-03-22 09:16:45.900000,1952.5,1597.5,1775.0,-355.0
600519,2023-03-22 09:16:46.310000,1952.5,1597.5,1775.0,-355.0
600519,2023-03-22 09:16:50.440000,1952.5,1597.5,1775.0,-355.0
600519,2023-03-22 09:16:52.040000,1952.5,1597.5,1775.0,-355.0
600519,2023-03-22 09:16:52.300000,1952.5,1597.5,1775.0,-355.0
600519,2023-03-22 09:16:55.290000,1952.5,1597.5,1775.0,-355.0
600519,2023-03-22 09:16:57.080000,1952.5,1597.5,1775.0,-355.0
600519,2023-03-22 09:16:58.680000,1952.5,1597.5,1775.0,-355.0
600519,2023-03-22 09:16:59.250000,1952.5,1597.5,1775.0,-355.0
600519,2023-03-22 09:17:01.050000,1952.5,1597.5,1775.0,-355.0
600519,2023-03-22 09:17:02.390000,1952.5,1597.5,1775.0,-355.0
600519,2023-03-22 09:17:03.270000,1952.5,1597.5,1775.0,-355.0
600519,2023-03-22 09:17:08.090000,1952.5,1597.5,1775.0,-355.0
600519,2023-03-22 09:17:08.160000,1952.5,1597.5,1775.0,-355.0
600519,2023-03-22 09:17:08.470000,1952.5,1597.5,1775.0,-355.0
600519,2023-03-22 09:17:10.910000,1952.5,1597.5,1775.0,-355.0
600519,2023-03-22 09:17:14.530000,1952.5,1597.5,1775.0,-355.0
600519,2023-03-22 09:17:15.930000,1952.5,1597.5,1775.0,-355.0
600519,2023-03-22 09:17:16.850000,1952.5,1597.5,1775.0,-355.0
600519,2023-03-22 09:17:23.120000,1952.5,1597.5,1775.0,-355.0
600519,2023-03-22 09:17:23.430000,1952.5,1597.5,1775.0,-355.0
600519,2023-03-22 09:17:25.850000,1952.5,1597.5,1775.0,-355.0
600519,2023-03-22 09:17:26.600000,1952.5,1597.5,1775.0,-355.0
600519,2023-03-22 09:17:27.810000,1952.5,1597.5,1775.0,-355.0
600519,2023-03-22 09:17:30.690000,1952.5,1597.5,1775.0,-355.0
600519,2023-03-22 09:17:30.690000,1952.5,1597.5,1775.0,-355.0
600519,2023-03-22 09:17:31.820000,1952.5,1597.5,1775.0,-355.0
600519,2023-03-22 09:17:32.110000,1952.5,1597.5,1775.0,-355.0
600519,2023-03-22 09:17:34.040000,1952.5,1597.5,1775.0,-355.0
600519,2023-03-22 09:17:34.610000,1952.5,1597.5,1775.0,-355.0
600519,2023-03-22 09:17:40.130000,1952.5,1597.5,1775.0,-355.0
600519,2023-03-22 09:17:40.390000,1952.5,1597.5,1775.0,-355.0
600519,2023-03-22 09:17:40.840000,1952.5,1597.5,1775.0,-355.0
600519,2023-03-22 09:17:48.330000,1952.5,1597.5,1775.0,-355.0
600519,2023-03-22 09:17:49.680000,1952.5,1597.5,1775.0,-355.0
600519,2023-03-22 09:17:50.870000,1952.5,1597.5,1775.0,-355.0
600519,2023-03-22 09:17:51.260000,1952.5,1597.5,1775.0,-355.0
600519,2023-03-22 09:17:53.190000,1952.5,1597.5,1775.0,-355.0
600519,2023-03-22 09:17:57.150000,1952.5,1597.5,1775.0,-355.0
600519,2023-03-22 09:17:58.380000,1952.5,1597.5,1775.0,-355.0
600519,2023-03-22 09:18:00.420000,1952.5,1597.5,1775.0,-355.0
600519,2023-03-22 09:18:00.950000,1952.5,1597.5,1775.0,-355.0
600519,2023-03-22 09:18:01,1952.5,1597.5,1775.0,-355.0
600519,2023-03-22 09:18:01,1952.5,1597.5,1775.0,-355.0
600519,2023-03-22 09:18:01.060000,1952.5,1597.5,1775.0,-355.0
600519,2023-03-22 09:18:01.110000,1952.5,1597.5,1775.0,-355.0
600519,2023-03-22 09:18:01.110000,1952.5,1597.5,1775.0,-355.0
600519,2023-03-22 09:18:03.380000,1952.5,1597.5,1775.0,-355.0
600519,2023-03-22 09:18:03.950000,1952.5,1597.5,1775.0,-355.0
600519,2023-03-22 09:18:03.950000,1952.5,1597.5,1775.0,-355.0
600519,2023-03-22 09:18:03.970000,1952.5,1597.5,1775.0,-355.0
600519,2023-03-22 09:18:03.970000,1952.5,1597.5,1775.0,-355.0
600519,2023-03-22 09:18:04.070000,1952.5,1597.5,1775.0,-355.0
600519,2023-03-22 09:18:04.070000,1952.5,1597.5,1775.0,-355.0
600519,2023-03-22 09:18:04.080000,1952.5,1597.5,1775.0,-355.0
600519,2023-03-22 09:18:04.080000,1952.5,1597.5,1775.0,-355.0
600519,2023-03-22 09:18:06.940000,1952.5,1597.5,1775.0,-355.0
600519,2023-03-22 09:18:06.940000,1952.5,1597.5,1775.0,-355.0
600519,2023-03-22 09:18:06.940000,1952.5,1597.5,1775.0,-355.0
600519,2023-03-22 09:18:06.940000,1952.5,1597.5,1775.0,-355.0
600519,2023-03-22 09:18:07.060000,1952.5,1597.5,1775.0,-355.0
600519,2023-03-22 09:18:07.060000,1952.5,1597.5,1775.0,-355.0
600519,2023-03-22 09:18:07.060000,1952.5,1597.5,1775.0,-355.0
600519,2023-03-22 09:18:07.060000,1952.5,1597.5,1775.0,-355.0
600519,2023-03-22 09:18:07.150000,1952.5,1597.5,1775.0,-355.0
600519,2023-03-22 09:18:08.300000,1952.5,1597.5,1775.0,-355.0
600519,2023-03-22 09:18:09.450000,1952.5,1597.5,1775.0,-355.0
600519,2023-03-22 09:18:09.980000,1952.5,1597.5,1775.0,-355.0
600519,2023-03-22 09:18:09.980000,1952.5,1597.5,1775.0,-355.0
600519,2023-03-22 09:18:09.980000,1952.5,1597.5,1775.0,-355.0
600519,2023-03-22 09:18:09.980000,1952.5,1597.5,1775.0,-355.0
600519,2023-03-22 09:18:10.100000,1952.5,1597.5,1775.0,-355.0
600519,2023-03-22 09:18:10.100000,1952.5,1597.5,1775.0,-355.0
600519,2023-03-22 09:18:10.100000,1952.5,1597.5,1775.0,-355.0
600519,2023-03-22 09:18:10.100000,1952.5,1597.5,1775.0,-355.0
600519,2023-03-22 09:18:11.360000,1952.5,1597.5,1775.0,-355.0
600519,2023-03-22 09:18:11.840000,1952.5,1597.5,1775.0,-355.0
600519,2023-03-22 09:18:12.940000,1952.5,1597.5,1775.0,-355.0
600519,2023-03-22 09:18:12.940000,1952.5,1597.5,1775.0,-355.0
600519,2023-03-22 09:18:12.960000,1952.5,1597.5,1775.0,-355.0
600519,2023-03-22 09:18:13.050000,1952.5,1597.5,1775.0,-355.0
600519,2023-03-22 09:18:13.050000,1952.5,1597.5,1775.0,-355.0
600519,2023-03-22 09:18:13.070000,1952.5,1597.5,1775.0,-355.0
600519,2023-03-22 09:18:13.770000,1952.5,1597.5,1775.0,-355.0
600519,2023-03-22 09:18:14.140000,1952.5,1597.5,1775.0,-355.0
600519,2023-03-22 09:18:14.600000,1952.5,1597.5,1775.0,-355.0
600519,2023-03-22 09:18:17.200000,1952.5,1597.5,1775.0,-355.0
600519,2023-03-22 09:18:18.580000,1952.5,1597.5,1775.0,-355.0
600519,2023-03-22 09:18:19.010000,1952.5,1597.5,1775.0,-355.0
600519,2023-03-22 09:18:22.020000,1952.5,1597.5,1775.0,-355.0
600519,2023-03-22 09:18:22.420000,1952.5,1597.5,1775.0,-355.0
600519,2023-03-22 09:18:23.340000,1952.5,1597.5,1775.0,-355.0
600519,2023-03-22 09:18:27.140000,1952.5,1597.5,1775.0,-355.0
600519,2023-03-22 09:18:27.990000,1952.5,1597.5,1775.0,-355.0
600519,2023-03-22 09:18:29.680000,1952.5,1597.5,1775.0,-355.0
600519,2023-03-22 09:18:29.750000,1952.5,1597.5,1775.0,-355.0
600519,2023-03-22 09:18:29.810000,1952.5,1597.5,1775.0,-355.0
600519,2023-03-22 09:18:29.870000,1952.5,1597.5,1775.0,-355.0
600519,2023-03-22 09:18:29.950000,1952.5,1597.5,1775.0,-355.0
600519,2023-03-22 09:18:30.040000,1952.5,1597.5,1775.0,-355.0
600519,2023-03-22 09:18:30.130000,1952.5,1597.5,1775.0,-355.0
600519,2023-03-22 09:18:30.760000,1952.5,1597.5,1775.0,-355.0
600519,2023-03-22 09:18:31.390000,1952.5,1597.5,1775.0,-355.0
600519,2023-03-22 09:18:34.090000,1952.5,1597.5,1775.0,-355.0
600519,2023-03-22 09:18:37.480000,1952.5,1597.5,1775.0,-355.0
600519,2023-03-22 09:18:39.640000,1952.5,1597.5,1775.0,-355.0
600519,2023-03-22 09:18:40.140000,1952.5,1597.5,1775.0,-355.0
600519,2023-03-22 09:18:40.400000,1952.5,1597.5,1775.0,-355.0
600519,2023-03-22 09:18:42.660000,1952.5,1597.5,1775.0,-355.0
600519,2023-03-22 09:18:43.020000,1952.5,1597.5,1775.0,-355.0
600519,2023-03-22 09:18:45.140000,1952.5,1597.5,1775.0,-355.0
600519,2023-03-22 09:18:45.460000,1952.5,1597.5,1775.0,-355.0
600519,2023-03-22 09:18:46.530000,1952.5,1597.5,1775.0,-355.0
600519,2023-03-22 09:18:46.600000,1952.5,1597.5,1775.0,-355.0
600519,2023-03-22 09:18:48.960000,1952.5,1597.5,1775.0,-355.0
600519,2023-03-22 09:18:50.940000,1952.5,1597.5,1775.0,-355.0
600519,2023-03-22 09:18:52.190000,1952.5,1597.5,1775.0,-355.0
600519,2023-03-22 09:18:52.530000,1952.5,1597.5,1775.0,-355.0
600519,2023-03-22 09:18:55.510000,1952.5,1597.5,1775.0,-355.0
600519,2023-03-22 09:18:55.530000,1952.5,1597.5,1775.0,-355.0
600519,2023-03-22 09:18:56.380000,1952.5,1597.5,1775.0,-355.0
600519,2023-03-22 09:18:56.440000,1952.5,1597.5,1775.0,-355.0
600519,2023-03-22 09:18:56.790000,1952.5,1597.5,1775.0,-355.0
600519,2023-03-22 09:18:57.940000,1952.5,1597.5,1775.0,-355.0
600519,2023-03-22 09:18:59.050000,1952.5,1597.5,1775.0,-355.0
600519,2023-03-22 09:19:00.020000,1952.5,1597.5,1775.0,-355.0
600519,2023-03-22 09:19:00.940000,1952.5,1597.5,1775.0,-355.0
600519,2023-03-22 09:19:00.940000,1952.5,1597.5,1775.0,-355.0
600519,2023-03-22 09:19:01.840000,1952.5,1597.5,1775.0,-355.0
600519,2023-03-22 09:19:02.230000,1952.5,1597.5,1775.0,-355.0
600519,2023-03-22 09:19:03,1952.5,1597.5,1775.0,-355.0
600519,2023-03-22 09:19:03.090000,1952.5,1597.5,1775.0,-355.0
600519,2023-03-22 09:19:03.750000,1952.5,1597.5,1775.0,-355.0
600519,2023-03-22 09:19:06.650000,1952.5,1597.5,1775.0,-355.0
600519,2023-03-22 09:19:10.060000,1952.5,1597.5,1775.0,-355.0
600519,2023-03-22 09:19:10.440000,1952.5,1597.5,1775.0,-355.0
600519,2023-03-22 09:19:10.980000,1952.5,1597.5,1775.0,-355.0
600519,2023-03-22 09:19:11.010000,1952.5,1597.5,1775.0,-355.0
600519,2023-03-22 09:19:13.240000,1952.5,1597.5,1775.0,-355.0
600519,2023-03-22 09:19:15.590000,1952.5,1597.5,1775.0,-355.0
600519,2023-03-22 09:19:16.990000,1952.5,1597.5,1775.0,-355.0
600519,2023-03-22 09:19:16.990000,1952.5,1597.5,1775.0,-355.0
600519,2023-03-22 09:19:17.220000,1952.5,1597.5,1775.0,-355.0
600519,2023-03-22 09:19:18.910000,1952.5,1597.5,1775.0,-355.0
600519,2023-03-22 09:19:22.080000,1952.5,1597.5,1775.0,-355.0
600519,2023-03-22 09:19:22.190000,1952.5,1597.5,1775.0,-355.0
600519,2023-03-22 09:19:23.040000,1952.5,1597.5,1775.0,-355.0
600519,2023-03-22 09:19:25.740000,1952.5,1597.5,1775.0,-355.0
600519,2023-03-22 09:19:26.260000,1952.5,1597.5,1775.0,-355.0
600519,2023-03-22 09:19:26.670000,1952.5,1597.5,1775.0,-355.0
600519,2023-03-22 09:19:27.390000,1952.5,1597.5,1775.0,-355.0
600519,2023-03-22 09:19:28.060000,1952.5,1597.5,1775.0,-355.0
600519,2023-03-22 09:19:30.910000,1952.5,1597.5,1775.0,-355.0
600519,2023-03-22 09:19:33.660000,1952.5,1597.5,1775.0,-355.0
600519,2023-03-22 09:19:35.040000,1952.5,1597.5,1775.0,-355.0
600519,2023-03-22 09:19:37.820000,1952.5,1597.5,1775.0,-355.0
600519,2023-03-22 09:19:40.170000,1952.5,1597.5,1775.0,-355.0
600519,2023-03-22 09:19:40.360000,1952.5,1597.5,1775.0,-355.0
600519,2023-03-22 09:19:40.530000,1952.5,1597.5,1775.0,-355.0
600519,2023-03-22 09:19:44.080000,1952.5,1597.5,1775.0,-355.0
600519,2023-03-22 09:19:44.480000,1952.5,1597.5,1775.0,-355.0
600519,2023-03-22 09:19:45.360000,1952.5,1597.5,1775.0,-355.0
600519,2023-03-22 09:19:48.230000,1952.5,1597.5,1775.0,-355.0
600519,2023-03-22 09:19:48.940000,1952.5,1597.5,1775.0,-355.0
600519,2023-03-22 09:19:51.060000,1952.5,1597.5,1775.0,-355.0
600519,2023-03-22 09:19:52.340000,1952.5,1597.5,1775.0,-355.0
600519,2023-03-22 09:19:52.580000,1952.5,1597.5,1775.0,-355.0
600519,2023-03-22 09:19:53.160000,1952.5,1597.5,1775.0,-355.0
600519,2023-03-22 09:19:54.170000,1952.5,1597.5,1775.0,-355.0
600519,2023-03-22 09:19:54.290000,1952.5,1597.5,1775.0,-355.0
600519,2023-03-22 09:19:55.290000,1952.5,1597.5,1775.0,-355.0
600519,2023-03-22 09:19:56.840000,1952.5,1597.5,1775.0,-355.0
600519,2023-03-22 09:19:57.450000,1952.5,1597.5,1775.0,-355.0
600519,2023-03-22 09:19:59.690000,1952.5,1597.5,1775.0,-355.0
600519,2023-03-22 09:20:00.110000,1952.5,1597.5,1775.0,-355.0
600519,2023-03-22 09:20:00.580000,1952.5,1597.5,1775.0,-355.0
600519,2023-03-22 09:20:01.020000,1952.5,1597.5,1775.0,-355.0
600519,2023-03-22 09:20:01.400000,1952.5,1597.5,1775.0,-355.0
600519,2023-03-22 09:20:01.420000,1952.5,1597.5,1775.0,-355.0
600519,2023-03-22 09:20:01.920000,1952.5,1597.5,1775.0,-355.0
600519,2023-03-22 09:20:02.020000,1952.5,1597.5,1775.0,-355.0
600519,2023-03-22 09:20:02.110000,1952.5,1597.5,1775.0,-355.0
600519,2023-03-22 09:20:03.310000,1952.5,1597.5,1775.0,-355.0
600519,2023-03-22 09:20:03.980000,1952.5,1597.5,1775.0,-355.0
600519,2023-03-22 09:20:03.980000,1952.5,1597.5,1775.0,-355.0
600519,2023-03-22 09:20:03.980000,1952.5,1597.5,1775.0,-355.0
600519,2023-03-22 09:20:03.980000,1952.5,1597.5,1775.0,-355.0
600519,2023-03-22 09:20:04.280000,1952.5,1597.5,1775.0,-355.0
600519,2023-03-22 09:20:04.620000,1952.5,1597.5,1775.0,-355.0
600519,2023-03-22 09:20:06.110000,1952.5,1597.5,1775.0,-355.0
600519,2023-03-22 09:20:09.160000,1952.5,1597.5,1775.0,-355.0
600519,2023-03-22 09:20:09.970000,1952.5,1597.5,1775.0,-355.0
600519,2023-03-22 09:20:10.100000,1952.5,1597.5,1775.0,-355.0
600519,2023-03-22 09:20:11.100000,1952.5,1597.5,1775.0,-355.0
600519,2023-03-22 09:20:11.550000,1952.5,1597.5,1775.0,-355.0
600519,2023-03-22 09:20:12.930000,1952.5,1597.5,1775.0,-355.0
600519,2023-03-22 09:20:12.930000,1952.5,1597.5,1775.0,-355.0
600519,2023-03-22 09:20:12.940000,1952.5,1597.5,1775.0,-355.0
600519,2023-03-22 09:20:12.940000,1952.5,1597.5,1775.0,-355.0
600519,2023-03-22 09:20:14.900000,1952.5,1597.5,1775.0,-355.0
600519,2023-03-22 09:20:15.910000,1952.5,1597.5,1775.0,-355.0
600519,2023-03-22 09:20:15.940000,1952.5,1597.5,1775.0,-355.0
600519,2023-03-22 09:20:15.940000,1952.5,1597.5,1775.0,-355.0
600519,2023-03-22 09:20:15.940000,1952.5,1597.5,1775.0,-355.0
600519,2023-03-22 09:20:15.940000,1952.5,1597.5,1775.0,-355.0
600519,2023-03-22 09:20:18.700000,1952.5,1597.5,1775.0,-355.0
600519,2023-03-22 09:20:19.030000,1952.5,1597.5,1775.0,-355.0
600519,2023-03-22 09:20:19.120000,1952.5,1597.5,1775.0,-355.0
600519,2023-03-22 09:20:19.260000,1952.5,1597.5,1775.0,-355.0
600519,2023-03-22 09:20:19.280000,1952.5,1597.5,1775.0,-355.0
600519,2023-03-22 09:20:19.960000,1952.5,1597.5,1775.0,-355.0
600519,2023-03-22 09:20:20.990000,1952.5,1597.5,1775.0,-355.0
600519,2023-03-22 09:20:23.350000,1952.5,1597.5,1775.0,-355.0
600519,2023-03-22 09:20:23.410000,1952.5,1597.5,1775.0,-355.0
600519,2023-03-22 09:20:23.690000,1952.5,1597.5,1775.0,-355.0
600519,2023-03-22 09:20:24.660000,1952.5,1597.5,1775.0,-355.0
600519,2023-03-22 09:20:26.170000,1952.5,1597.5,1775.0,-355.0
600519,2023-03-22 09:20:26.680000,1952.5,1597.5,1775.0,-355.0
600519,2023-03-22 09:20:26.820000,1952.5,1597.5,1775.0,-355.0
600519,2023-03-22 09:20:28.230000,1952.5,1597.5,1775.0,-355.0
600519,2023-03-22 09:20:30.650000,1952.5,1597.5,1775.0,-355.0
600519,2023-03-22 09:20:30.910000,1952.5,1597.5,1775.0,-355.0
600519,2023-03-22 09:20:33.840000,1952.5,1597.5,1775.0,-355.0
600519,2023-03-22 09:20:35.080000,1952.5,1597.5,1775.0,-355.0
600519,2023-03-22 09:20:35.490000,1952.5,1597.5,1775.0,-355.0
600519,2023-03-22 09:20:36.470000,1952.5,1597.5,1775.0,-355.0
600519,2023-03-22 09:20:41.180000,1952.5,1597.5,1775.0,-355.0
600519,2023-03-22 09:20:42.210000,1952.5,1597.5,1775.0,-355.0
600519,2023-03-22 09:20:42.990000,1952.5,1597.5,1775.0,-355.0
600519,2023-03-22 09:20:44.360000,1952.5,1597.5,1775.0,-355.0
600519,2023-03-22 09:20:45.030000,1952.5,1597.5,1775.0,-355.0
600519,2023-03-22 09:20:46.140000,1952.5,1597.5,1775.0,-355.0
600519,2023-03-22 09:20:46.250000,1952.5,1597.5,1775.0,-355.0
600519,2023-03-22 09:20:49.930000,1952.5,1597.5,1775.0,-355.0
600519,2023-03-22 09:20:50.190000,1952.5,1597.5,1775.0,-355.0
600519,2023-03-22 09:20:51.860000,1952.5,1597.5,1775.0,-355.0
600519,2023-03-22 09:20:54.490000,1952.5,1597.5,1775.0,-355.0
600519,2023-03-22 09:20:57.040000,1952.5,1597.5,1775.0,-355.0
600519,2023-03-22 09:20:57.370000,1952.5,1597.5,1775.0,-355.0
600519,2023-03-22 09:20:57.710000,1952.5,1597.5,1775.0,-355.0
600519,2023-03-22 09:20:58.300000,1952.5,1597.5,1775.0,-355.0
600519,2023-03-22 09:20:58.730000,1952.5,1597.5,1775.0,-355.0
600519,2023-03-22 09:20:59.860000,1952.5,1597.5,1775.0,-355.0
600519,2023-03-22 09:21:00.330000,1952.5,1597.5,1775.0,-355.0
600519,2023-03-22 09:21:00.740000,1952.5,1597.5,1775.0,-355.0
600519,2023-03-22 09:21:00.940000,1952.5,1597.5,1775.0,-355.0
600519,2023-03-22 09:21:00.940000,1952.5,1597.5,1775.0,-355.0
600519,2023-03-22 09:21:01.140000,1952.5,1597.5,1775.0,-355.0
600519,2023-03-22 09:21:03.940000,1952.5,1597.5,1775.0,-355.0
600519,2023-03-22 09:21:03.940000,1952.5,1597.5,1775.0,-355.0
600519,2023-03-22 09:21:05.560000,1952.5,1597.5,1775.0,-355.0
600519,2023-03-22 09:21:05.860000,1952.5,1597.5,1775.0,-355.0
600519,2023-03-22 09:21:07.210000,1952.5,1597.5,1775.0,-355.0
600519,2023-03-22 09:21:10.550000,1952.5,1597.5,1775.0,-355.0
600519,2023-03-22 09:21:12.980000,1952.5,1597.5,1775.0,-355.0
600519,2023-03-22 09:21:14.840000,1952.5,1597.5,1775.0,-355.0
600519,2023-03-22 09:21:14.890000,1952.5,1597.5,1775.0,-355.0
600519,2023-03-22 09:21:17.940000,1952.5,1597.5,1775.0,-355.0
600519,2023-03-22 09:21:18.410000,1952.5,1597.5,1775.0,-355.0
600519,2023-03-22 09:21:20.150000,1952.5,1597.5,1775.0,-355.0
600519,2023-03-22 09:21:21.200000,1952.5,1597.5,1775.0,-355.0
600519,2023-03-22 09:21:21.480000,1952.5,1597.5,1775.0,-355.0
600519,2023-03-22 09:21:21.920000,1952.5,1597.5,1775.0,-355.0
600519,2023-03-22 09:21:21.980000,1952.5,1597.5,1775.0,-355.0
600519,2023-03-22 09:21:21.980000,1952.5,1597.5,1775.0,-355.0
600519,2023-03-22 09:21:21.980000,1952.5,1597.5,1775.0,-355.0
600519,2023-03-22 09:21:21.980000,1952.5,1597.5,1775.0,-355.0
600519,2023-03-22 09:21:22.880000,1952.5,1597.5,1775.0,-355.0
600519,2023-03-22 09:21:24.940000,1952.5,1597.5,1775.0,-355.0
600519,2023-03-22 09:21:24.940000,1952.5,1597.5,1775.0,-355.0
600519,2023-03-22 09:21:24.940000,1952.5,1597.5,1775.0,-355.0
600519,2023-03-22 09:21:24.940000,1952.5,1597.5,1775.0,-355.0
600519,2023-03-22 09:21:25.110000,1952.5,1597.5,1775.0,-355.0
600519,2023-03-22 09:21:25.530000,1952.5,1597.5,1775.0,-355.0
600519,2023-03-22 09:21:27.920000,1952.5,1597.5,1775.0,-355.0
600519,2023-03-22 09:21:28.110000,1952.5,1597.5,1775.0,-355.0
600519,2023-03-22 09:21:28.960000,1952.5,1597.5,1775.0,-355.0
600519,2023-03-22 09:21:29.750000,1952.5,1597.5,1775.0,-355.0
600519,2023-03-22 09:21:30.940000,1952.5,1597.5,1775.0,-355.0
600519,2023-03-22 09:21:31.860000,1952.5,1597.5,1775.0,-355.0
600519,2023-03-22 09:21:32.350000,1952.5,1597.5,1775.0,-355.0
600519,2023-03-22 09:21:32.700000,1952.5,1597.5,1775.0,-355.0
600519,2023-03-22 09:21:33.420000,1952.5,1597.5,1775.0,-355.0
600519,2023-03-22 09:21:33.960000,1952.5,1597.5,1775.0,-355.0
600519,2023-03-22 09:21:34.520000,1952.5,1597.5,1775.0,-355.0
600519,2023-03-22 09:21:34.940000,1952.5,1597.5,1775.0,-355.0
600519,2023-03-22 09:21:38.120000,1952.5,1597.5,1775.0,-355.0
600519,2023-03-22 09:21:38.710000,1952.5,1597.5,1775.0,-355.0
600519,2023-03-22 09:21:39.150000,1952.5,1597.5,1775.0,-355.0
600519,2023-03-22 09:21:40.140000,1952.5,1597.5,1775.0,-355.0
600519,2023-03-22 09:21:41.510000,1952.5,1597.5,1775.0,-355.0
600519,2023-03-22 09:21:42.740000,1952.5,1597.5,1775.0,-355.0
600519,2023-03-22 09:21:43.980000,1952.5,1597.5,1775.0,-355.0
600519,2023-03-22 09:21:44.050000,1952.5,1597.5,1775.0,-355.0
600519,2023-03-22 09:21:46.440000,1952.5,1597.5,1775.0,-355.0
600519,2023-03-22 09:21:46.880000,1952.5,1597.5,1775.0,-355.0
600519,2023-03-22 09:21:47.350000,1952.5,1597.5,1775.0,-355.0
600519,2023-03-22 09:21:47.630000,1952.5,1597.5,1775.0,-355.0
600519,2023-03-22 09:21:48.140000,1952.5,1597.5,1775.0,-355.0
600519,2023-03-22 09:21:49.170000,1952.5,1597.5,1775.0,-355.0
600519,2023-03-22 09:21:50.320000,1952.5,1597.5,1775.0,-355.0
600519,2023-03-22 09:21:50.810000,1952.5,1597.5,1775.0,-355.0
600519,2023-03-22 09:21:52.220000,1952.5,1597.5,1775.0,-355.0
600519,2023-03-22 09:21:52.990000,1952.5,1597.5,1775.0,-355.0
600519,2023-03-22 09:21:53.400000,1952.5,1597.5,1775.0,-355.0
600519,2023-03-22 09:21:54.120000,1952.5,1597.5,1775.0,-355.0
600519,2023-03-22 09:21:54.940000,1952.5,1597.5,1775.0,-355.0
600519,2023-03-22 09:21:54.940000,1952.5,1597.5,1775.0,-355.0
600519,2023-03-22 09:21:54.950000,1952.5,1597.5,1775.0,-355.0
600519,2023-03-22 09:21:57.060000,1952.5,1597.5,1775.0,-355.0
600519,2023-03-22 09:21:57.390000,1952.5,1597.5,1775.0,-355.0
600519,2023-03-22 09:21:57.680000,1952.5,1597.5,1775.0,-355.0
600519,2023-03-22 09:21:58.280000,1952.5,1597.5,1775.0,-355.0
600519,2023-03-22 09:21:58.400000,1952.5,1597.5,1775.0,-355.0
600519,2023-03-22 09:21:59.400000,1952.5,1597.5,1775.0,-355.0
600519,2023-03-22 09:22:00.390000,1952.5,1597.5,1775.0,-355.0
600519,2023-03-22 09:22:00.430000,1952.5,1597.5,1775.0,-355.0
600519,2023-03-22 09:22:00.550000,1952.5,1597.5,1775.0,-355.0
600519,2023-03-22 09:22:00.750000,1952.5,1597.5,1775.0,-355.0
600519,2023-03-22 09:22:03.250000,1952.5,1597.5,1775.0,-355.0
600519,2023-03-22 09:22:03.770000,1952.5,1597.5,1775.0,-355.0
600519,2023-03-22 09:22:06.740000,1952.5,1597.5,1775.0,-355.0
600519,2023-03-22 09:22:06.790000,1952.5,1597.5,1775.0,-355.0
600519,2023-03-22 09:22:08.230000,1952.5,1597.5,1775.0,-355.0
600519,2023-03-22 09:22:10.680000,1952.5,1597.5,1775.0,-355.0
600519,2023-03-22 09:22:11,1952.5,1597.5,1775.0,-355.0
600519,2023-03-22 09:22:11.920000,1952.5,1597.5,1775.0,-355.0
600519,2023-03-22 09:22:12.050000,1952.5,1597.5,1775.0,-355.0
600519,2023-03-22 09:22:14.170000,1952.5,1597.5,1775.0,-355.0
600519,2023-03-22 09:22:15.560000,1952.5,1597.5,1775.0,-355.0
600519,2023-03-22 09:22:15.940000,1952.5,1597.5,1775.0,-355.0
600519,2023-03-22 09:22:16.710000,1952.5,1597.5,1775.0,-355.0
600519,2023-03-22 09:22:19.390000,1952.5,1597.5,1775.0,-355.0
600519,2023-03-22 09:22:21.880000,1952.5,1597.5,1775.0,-355.0
600519,2023-03-22 09:22:22.330000,1952.5,1597.5,1775.0,-355.0
600519,2023-03-22 09:22:24.770000,1952.5,1597.5,1775.0,-355.0
600519,2023-03-22 09:22:27.350000,1952.5,1597.5,1775.0,-355.0
600519,2023-03-22 09:22:27.500000,1952.5,1597.5,1775.0,-355.0
600519,2023-03-22 09:22:28.940000,1952.5,1597.5,1775.0,-355.0
600519,2023-03-22 09:22:29.250000,1952.5,1597.5,1775.0,-355.0
600519,2023-03-22 09:22:29.360000,1952.5,1597.5,1775.0,-355.0
600519,2023-03-22 09:22:34.650000,1952.5,1597.5,1775.0,-355.0
600519,2023-03-22 09:22:35.050000,1952.5,1597.5,1775.0,-355.0
600519,2023-03-22 09:22:35.890000,1952.5,1597.5,1775.0,-355.0
600519,2023-03-22 09:22:36.150000,1952.5,1597.5,1775.0,-355.0
600519,2023-03-22 09:22:41.400000,1952.5,1597.5,1775.0,-355.0
600519,2023-03-22 09:22:47.200000,1952.5,1597.5,1775.0,-355.0
600519,2023-03-22 09:22:49.260000,1952.5,1597.5,1775.0,-355.0
600519,2023-03-22 09:22:50.250000,1952.5,1597.5,1775.0,-355.0
600519,2023-03-22 09:22:51.030000,1952.5,1597.5,1775.0,-355.0
600519,2023-03-22 09:22:51.650000,1952.5,1597.5,1775.0,-355.0
600519,2023-03-22 09:22:52.700000,1952.5,1597.5,1775.0,-355.0
600519,2023-03-22 09:22:52.820000,1952.5,1597.5,1775.0,-355.0
600519,2023-03-22 09:22:53.640000,1952.5,1597.5,1775.0,-355.0
600519,2023-03-22 09:22:54.780000,1952.5,1597.5,1775.0,-355.0
600519,2023-03-22 09:22:54.940000,1952.5,1597.5,1775.0,-355.0
600519,2023-03-22 09:22:54.940000,1952.5,1597.5,1775.0,-355.0
600519,2023-03-22 09:22:55.240000,1952.5,1597.5,1775.0,-355.0
600519,2023-03-22 09:22:57.140000,1952.5,1597.5,1775.0,-355.0
600519,2023-03-22 09:23:00.260000,1952.5,1597.5,1775.0,-355.0
600519,2023-03-22 09:23:02.810000,1952.5,1597.5,1775.0,-355.0
600519,2023-03-22 09:23:10.740000,1952.5,1597.5,1775.0,-355.0
600519,2023-03-22 09:23:11.330000,1952.5,1597.5,1775.0,-355.0
600519,2023-03-22 09:23:13.790000,1952.5,1597.5,1775.0,-355.0
600519,2023-03-22 09:23:13.870000,1952.5,1597.5,1775.0,-355.0
600519,2023-03-22 09:23:14.510000,1952.5,1597.5,1775.0,-355.0
600519,2023-03-22 09:23:15.010000,1952.5,1597.5,1775.0,-355.0
600519,2023-03-22 09:23:15.150000,1952.5,1597.5,1775.0,-355.0
600519,2023-03-22 09:23:15.150000,1952.5,1597.5,1775.0,-355.0
600519,2023-03-22 09:23:16.470000,1952.5,1597.5,1775.0,-355.0
600519,2023-03-22 09:23:17.210000,1952.5,1597.5,1775.0,-355.0
600519,2023-03-22 09:23:17.460000,1952.5,1597.5,1775.0,-355.0
600519,2023-03-22 09:23:17.710000,1952.5,1597.5,1775.0,-355.0
600519,2023-03-22 09:23:17.770000,1952.5,1597.5,1775.0,-355.0
600519,2023-03-22 09:23:17.840000,1952.5,1597.5,1775.0,-355.0
600519,2023-03-22 09:23:19.470000,1952.5,1597.5,1775.0,-355.0
600519,2023-03-22 09:23:20.980000,1952.5,1597.5,1775.0,-355.0
600519,2023-03-22 09:23:23.430000,1952.5,1597.5,1775.0,-355.0
600519,2023-03-22 09:23:25.430000,1952.5,1597.5,1775.0,-355.0
600519,2023-03-22 09:23:25.470000,1952.5,1597.5,1775.0,-355.0
600519,2023-03-22 09:23:25.500000,1952.5,1597.5,1775.0,-355.0
600519,2023-03-22 09:23:25.760000,1952.5,1597.5,1775.0,-355.0
600519,2023-03-22 09:23:25.900000,1952.5,1597.5,1775.0,-355.0
600519,2023-03-22 09:23:25.930000,1952.5,1597.5,1775.0,-355.0
600519,2023-03-22 09:23:26.010000,1952.5,1597.5,1775.0,-355.0
600519,2023-03-22 09:23:27.890000,1952.5,1597.5,1775.0,-355.0
600519,2023-03-22 09:23:27.890000,1952.5,1597.5,1775.0,-355.0
600519,2023-03-22 09:23:27.910000,1952.5,1597.5,1775.0,-355.0
600519,2023-03-22 09:23:27.950000,1952.5,1597.5,1775.0,-355.0
600519,2023-03-22 09:23:27.950000,1952.5,1597.5,1775.0,-355.0
600519,2023-03-22 09:23:27.950000,1952.5,1597.5,1775.0,-355.0
600519,2023-03-22 09:23:27.950000,1952.5,1597.5,1775.0,-355.0
600519,2023-03-22 09:23:28.480000,1952.5,1597.5,1775.0,-355.0
600519,2023-03-22 09:23:28.760000,1952.5,1597.5,1775.0,-355.0
600519,2023-03-22 09:23:29.650000,1952.5,1597.5,1775.0,-355.0
600519,2023-03-22 09:23:30.950000,1952.5,1597.5,1775.0,-355.0
600519,2023-03-22 09:23:30.950000,1952.5,1597.5,1775.0,-355.0
600519,2023-03-22 09:23:30.950000,1952.5,1597.5,1775.0,-355.0
600519,2023-03-22 09:23:33.990000,1952.5,1597.5,1775.0,-355.0
600519,2023-03-22 09:23:33.990000,1952.5,1597.5,1775.0,-355.0
600519,2023-03-22 09:23:34.440000,1952.5,1597.5,1775.0,-355.0
600519,2023-03-22 09:23:34.940000,1952.5,1597.5,1775.0,-355.0
600519,2023-03-22 09:23:35.460000,1952.5,1597.5,1775.0,-355.0
600519,2023-03-22 09:23:35.670000,1952.5,1597.5,1775.0,-355.0
600519,2023-03-22 09:23:40.180000,1952.5,1597.5,1775.0,-355.0
600519,2023-03-22 09:23:40.230000,1952.5,1597.5,1775.0,-355.0
600519,2023-03-22 09:23:40.550000,1952.5,1597.5,1775.0,-355.0
600519,2023-03-22 09:23:41.290000,1952.5,1597.5,1775.0,-355.0
600519,2023-03-22 09:23:43.160000,1952.5,1597.5,1775.0,-355.0
600519,2023-03-22 09:23:44.700000,1952.5,1597.5,1775.0,-355.0
600519,2023-03-22 09:23:45.210000,1952.5,1597.5,1775.0,-355.0
600519,2023-03-22 09:23:48.780000,1952.5,1597.5,1775.0,-355.0
600519,2023-03-22 09:23:48.950000,1952.5,1597.5,1775.0,-355.0
600519,2023-03-22 09:23:49.230000,1952.5,1597.5,1775.0,-355.0
600519,2023-03-22 09:23:51.080000,1952.5,1597.5,1775.0,-355.0
600519,2023-03-22 09:23:51.710000,1952.5,1597.5,1775.0,-355.0
600519,2023-03-22 09:23:51.830000,1952.5,1597.5,1775.0,-355.0
600519,2023-03-22 09:23:51.930000,1952.5,1597.5,1775.0,-355.0
600519,2023-03-22 09:23:52.040000,1952.5,1597.5,1775.0,-355.0
600519,2023-03-22 09:23:52.970000,1952.5,1597.5,1775.0,-355.0
600519,2023-03-22 09:23:53.230000,1952.5,1597.5,1775.0,-355.0
600519,2023-03-22 09:23:53.760000,1952.5,1597.5,1775.0,-355.0
600519,2023-03-22 09:23:53.790000,1952.5,1597.5,1775.0,-355.0
600519,2023-03-22 09:23:53.900000,1952.5,1597.5,1775.0,-355.0
600519,2023-03-22 09:23:54.950000,1952.5,1597.5,1775.0,-355.0
600519,2023-03-22 09:23:54.950000,1952.5,1597.5,1775.0,-355.0
600519,2023-03-22 09:23:56.580000,1952.5,1597.5,1775.0,-355.0
600519,2023-03-22 09:23:56.940000,1952.5,1597.5,1775.0,-355.0
600519,2023-03-22 09:23:57.310000,1952.5,1597.5,1775.0,-355.0
600519,2023-03-22 09:23:58.040000,1952.5,1597.5,1775.0,-355.0
600519,2023-03-22 09:23:58.680000,1952.5,1597.5,1775.0,-355.0
600519,2023-03-22 09:23:59.410000,1952.5,1597.5,1775.0,-355.0
600519,2023-03-22 09:24:00.440000,1952.5,1597.5,1775.0,-355.0
600519,2023-03-22 09:24:00.480000,1952.5,1597.5,1775.0,-355.0
600519,2023-03-22 09:24:00.560000,1952.5,1597.5,1775.0,-355.0
600519,2023-03-22 09:24:00.960000,1952.5,1597.5,1775.0,-355.0
600519,2023-03-22 09:24:02.420000,1952.5,1597.5,1775.0,-355.0
600519,2023-03-22 09:24:03.020000,1952.5,1597.5,1775.0,-355.0
600519,2023-03-22 09:24:03.600000,1952.5,1597.5,1775.0,-355.0
600519,2023-03-22 09:24:03.640000,1952.5,1597.5,1775.0,-355.0
600519,2023-03-22 09:24:03.960000,1952.5,1597.5,1775.0,-355.0
600519,2023-03-22 09:24:03.960000,1952.5,1597.5,1775.0,-355.0
600519,2023-03-22 09:24:03.960000,1952.5,1597.5,1775.0,-355.0
600519,2023-03-22 09:24:04.160000,1952.5,1597.5,1775.0,-355.0
600519,2023-03-22 09:24:06.690000,1952.5,1597.5,1775.0,-355.0
600519,2023-03-22 09:24:06.880000,1952.5,1597.5,1775.0,-355.0
600519,2023-03-22 09:24:06.880000,1952.5,1597.5,1775.0,-355.0
600519,2023-03-22 09:24:06.880000,1952.5,1597.5,1775.0,-355.0
600519,2023-03-22 09:24:06.880000,1952.5,1597.5,1775.0,-355.0
600519,2023-03-22 09:24:06.950000,1952.5,1597.5,1775.0,-355.0
600519,2023-03-22 09:24:06.980000,1952.5,1597.5,1775.0,-355.0
600519,2023-03-22 09:24:07,1952.5,1597.5,1775.0,-355.0
600519,2023-03-22 09:24:07,1952.5,1597.5,1775.0,-355.0
600519,2023-03-22 09:24:07,1952.5,1597.5,1775.0,-355.0
600519,2023-03-22 09:24:07.480000,1952.5,1597.5,1775.0,-355.0
600519,2023-03-22 09:24:08.330000,1952.5,1597.5,1775.0,-355.0
600519,2023-03-22 09:24:08.520000,1952.5,1597.5,1775.0,-355.0
600519,2023-03-22 09:24:09.660000,1952.5,1597.5,1775.0,-355.0
600519,2023-03-22 09:24:10.260000,1952.5,1597.5,1775.0,-355.0
600519,2023-03-22 09:24:10.950000,1952.5,1597.5,1775.0,-355.0
600519,2023-03-22 09:24:10.960000,1952.5,1597.5,1775.0,-355.0
600519,2023-03-22 09:24:12.060000,1952.5,1597.5,1775.0,-355.0
600519,2023-03-22 09:24:12.600000,1952.5,1597.5,1775.0,-355.0
600519,2023-03-22 09:24:12.940000,1952.5,1597.5,1775.0,-355.0
600519,2023-03-22 09:24:15.890000,1952.5,1597.5,1775.0,-355.0
600519,2023-03-22 09:24:16.220000,1952.5,1597.5,1775.0,-355.0
600519,2023-03-22 09:24:17.190000,1952.5,1597.5,1775.0,-355.0
600519,2023-03-22 09:24:17.400000,1952.5,1597.5,1775.0,-355.0
600519,2023-03-22 09:24:18.160000,1952.5,1597.5,1775.0,-355.0
600519,2023-03-22 09:24:18.190000,1952.5,1597.5,1775.0,-355.0
600519,2023-03-22 09:24:18.900000,1952.5,1597.5,1775.0,-355.0
600519,2023-03-22 09:24:18.940000,1952.5,1597.5,1775.0,-355.0
600519,2023-03-22 09:24:18.940000,1952.5,1597.5,1775.0,-355.0
600519,2023-03-22 09:24:18.940000,1952.5,1597.5,1775.0,-355.0
600519,2023-03-22 09:24:18.940000,1952.5,1597.5,1775.0,-355.0
600519,2023-03-22 09:24:19.330000,1952.5,1597.5,1775.0,-355.0
600519,2023-03-22 09:24:21.280000,1952.5,1597.5,1775.0,-355.0
600519,2023-03-22 09:24:21.910000,1952.5,1597.5,1775.0,-355.0
600519,2023-03-22 09:24:21.950000,1952.5,1597.5,1775.0,-355.0
600519,2023-03-22 09:24:21.950000,1952.5,1597.5,1775.0,-355.0
600519,2023-03-22 09:24:21.950000,1952.5,1597.5,1775.0,-355.0
600519,2023-03-22 09:24:22.260000,1952.5,1597.5,1775.0,-355.0
600519,2023-03-22 09:24:23.910000,1952.5,1597.5,1775.0,-355.0
600519,2023-03-22 09:24:23.910000,1952.5,1597.5,1775.0,-355.0
600519,2023-03-22 09:24:24.390000,1952.5,1597.5,1775.0,-355.0
600519,2023-03-22 09:24:24.550000,1952.5,1597.5,1775.0,-355.0
600519,2023-03-22 09:24:24.940000,1952.5,1597.5,1775.0,-355.0
600519,2023-03-22 09:24:24.940000,1952.5,1597.5,1775.0,-355.0
600519,2023-03-22 09:24:24.940000,1952.5,1597.5,1775.0,-355.0
600519,2023-03-22 09:24:25.490000,1952.5,1597.5,1775.0,-355.0
600519,2023-03-22 09:24:25.750000,1952.5,1597.5,1775.0,-355.0
600519,2023-03-22 09:24:25.990000,1952.5,1597.5,1775.0,-355.0
600519,2023-03-22 09:24:27.030000,1952.5,1597.5,1775.0,-355.0
600519,2023-03-22 09:24:27.430000,1952.5,1597.5,1775.0,-355.0
600519,2023-03-22 09:24:28.440000,1952.5,1597.5,1775.0,-355.0
600519,2023-03-22 09:24:28.940000,1952.5,1597.5,1775.0,-355.0
600519,2023-03-22 09:24:29.060000,1952.5,1597.5,1775.0,-355.0
600519,2023-03-22 09:24:29.170000,1952.5,1597.5,1775.0,-355.0
600519,2023-03-22 09:24:29.930000,1952.5,1597.5,1775.0,-355.0
600519,2023-03-22 09:24:30.530000,1952.5,1597.5,1775.0,-355.0
600519,2023-03-22 09:24:30.530000,1952.5,1597.5,1775.0,-355.0
600519,2023-03-22 09:24:31.320000,1952.5,1597.5,1775.0,-355.0
600519,2023-03-22 09:24:31.950000,1952.5,1597.5,1775.0,-355.0
600519,2023-03-22 09:24:31.950000,1952.5,1597.5,1775.0,-355.0
600519,2023-03-22 09:24:33.060000,1952.5,1597.5,1775.0,-355.0
600519,2023-03-22 09:24:33.550000,1952.5,1597.5,1775.0,-355.0
600519,2023-03-22 09:24:33.590000,1952.5,1597.5,1775.0,-355.0
600519,2023-03-22 09:24:33.670000,1952.5,1597.5,1775.0,-355.0
600519,2023-03-22 09:24:33.780000,1952.5,1597.5,1775.0,-355.0
600519,2023-03-22 09:24:33.950000,1952.5,1597.5,1775.0,-355.0
600519,2023-03-22 09:24:33.980000,1952.5,1597.5,1775.0,-355.0
600519,2023-03-22 09:24:33.980000,1952.5,1597.5,1775.0,-355.0
600519,2023-03-22 09:24:34.080000,1952.5,1597.5,1775.0,-355.0
600519,2023-03-22 09:24:34.730000,1952.5,1597.5,1775.0,-355.0
600519,2023-03-22 09:24:34.900000,1952.5,1597.5,1775.0,-355.0
600519,2023-03-22 09:24:35.080000,1952.5,1597.5,1775.0,-355.0
600519,2023-03-22 09:24:35.950000,1952.5,1597.5,1775.0,-355.0
600519,2023-03-22 09:24:36.250000,1952.5,1597.5,1775.0,-355.0
600519,2023-03-22 09:24:36.270000,1952.5,1597.5,1775.0,-355.0
600519,2023-03-22 09:24:36.330000,1952.5,1597.5,1775.0,-355.0
600519,2023-03-22 09:24:36.950000,1952.5,1597.5,1775.0,-355.0
600519,2023-03-22 09:24:36.950000,1952.5,1597.5,1775.0,-355.0
600519,2023-03-22 09:24:36.950000,1952.5,1597.5,1775.0,-355.0
600519,2023-03-22 09:24:37.040000,1952.5,1597.5,1775.0,-355.0
600519,2023-03-22 09:24:37.050000,1952.5,1597.5,1775.0,-355.0
600519,2023-03-22 09:24:37.470000,1952.5,1597.5,1775.0,-355.0
600519,2023-03-22 09:24:38.880000,1952.5,1597.5,1775.0,-355.0
600519,2023-03-22 09:24:38.990000,1952.5,1597.5,1775.0,-355.0
600519,2023-03-22 09:24:39.130000,1952.5,1597.5,1775.0,-355.0
600519,2023-03-22 09:24:39.490000,1952.5,1597.5,1775.0,-355.0
600519,2023-03-22 09:24:39.970000,1952.5,1597.5,1775.0,-355.0
600519,2023-03-22 09:24:39.970000,1952.5,1597.5,1775.0,-355.0
600519,2023-03-22 09:24:39.970000,1952.5,1597.5,1775.0,-355.0
600519,2023-03-22 09:24:40.190000,1952.5,1597.5,1775.0,-355.0
600519,2023-03-22 09:24:40.260000,1952.5,1597.5,1775.0,-355.0
600519,2023-03-22 09:24:40.480000,1952.5,1597.5,1775.0,-355.0
600519,2023-03-22 09:24:40.930000,1952.5,1597.5,1775.0,-355.0
600519,2023-03-22 09:24:41.100000,1952.5,1597.5,1775.0,-355.0
600519,2023-03-22 09:24:41.670000,1952.5,1597.5,1775.0,-355.0
600519,2023-03-22 09:24:42.010000,1952.5,1597.5,1775.0,-355.0
600519,2023-03-22 09:24:42.180000,1952.5,1597.5,1775.0,-355.0
600519,2023-03-22 09:24:42.200000,1952.5,1597.5,1775.0,-355.0
600519,2023-03-22 09:24:42.700000,1952.5,1597.5,1775.0,-355.0
600519,2023-03-22 09:24:42.940000,1952.5,1597.5,1775.0,-355.0
600519,2023-03-22 09:24:42.940000,1952.5,1597.5,1775.0,-355.0
600519,2023-03-22 09:24:42.940000,1952.5,1597.5,1775.0,-355.0
600519,2023-03-22 09:24:43.150000,1952.5,1597.5,1775.0,-355.0
600519,2023-03-22 09:24:43.240000,1952.5,1597.5,1775.0,-355.0
600519,2023-03-22 09:24:44.110000,1952.5,1597.5,1775.0,-355.0
600519,2023-03-22 09:24:44.480000,1952.5,1597.5,1775.0,-355.0
600519,2023-03-22 09:24:44.660000,1952.5,1597.5,1775.0,-355.0
600519,2023-03-22 09:24:45.870000,1952.5,1597.5,1775.0,-355.0
600519,2023-03-22 09:24:45.940000,1952.5,1597.5,1775.0,-355.0
600519,2023-03-22 09:24:45.940000,1952.5,1597.5,1775.0,-355.0
600519,2023-03-22 09:24:45.980000,1952.5,1597.5,1775.0,-355.0
600519,2023-03-22 09:24:46.380000,1952.5,1597.5,1775.0,-355.0
600519,2023-03-22 09:24:47.680000,1952.5,1597.5,1775.0,-355.0
600519,2023-03-22 09:24:48.110000,1952.5,1597.5,1775.0,-355.0
600519,2023-03-22 09:24:48.190000,1952.5,1597.5,1775.0,-355.0
600519,2023-03-22 09:24:48.890000,1952.5,1597.5,1775.0,-355.0
600519,2023-03-22 09:24:48.950000,1952.5,1597.5,1775.0,-355.0
600519,2023-03-22 09:24:48.950000,1952.5,1597.5,1775.0,-355.0
600519,2023-03-22 09:24:48.950000,1952.5,1597.5,1775.0,-355.0
600519,2023-03-22 09:24:49.220000,1952.5,1597.5,1775.0,-355.0
600519,2023-03-22 09:24:49.630000,1952.5,1597.5,1775.0,-355.0
600519,2023-03-22 09:24:50.620000,1952.5,1597.5,1775.0,-355.0
600519,2023-03-22 09:24:50.930000,1952.5,1597.5,1775.0,-355.0
600519,2023-03-22 09:24:51,1952.5,1597.5,1775.0,-355.0
600519,2023-03-22 09:24:51.040000,1952.5,1597.5,1775.0,-355.0
600519,2023-03-22 09:24:51.620000,1952.5,1597.5,1775.0,-355.0
600519,2023-03-22 09:24:51.950000,1952.5,1597.5,1775.0,-355.0
600519,2023-03-22 09:24:51.960000,1952.5,1597.5,1775.0,-355.0
600519,2023-03-22 09:24:51.960000,1952.5,1597.5,1775.0,-355.0
600519,2023-03-22 09:24:52.160000,1952.5,1597.5,1775.0,-355.0
600519,2023-03-22 09:24:52.210000,1952.5,1597.5,1775.0,-355.0
600519,2023-03-22 09:24:52.410000,1952.5,1597.5,1775.0,-355.0
600519,2023-03-22 09:24:52.920000,1952.5,1597.5,1775.0,-355.0
600519,2023-03-22 09:24:53.070000,1952.5,1597.5,1775.0,-355.0
600519,2023-03-22 09:24:54.120000,1952.5,1597.5,1775.0,-355.0
600519,2023-03-22 09:24:54.170000,1952.5,1597.5,1775.0,-355.0
600519,2023-03-22 09:24:54.870000,1952.5,1597.5,1775.0,-355.0
600519,2023-03-22 09:24:54.940000,1952.5,1597.5,1775.0,-355.0
600519,2023-03-22 09:24:54.940000,1952.5,1597.5,1775.0,-355.0
600519,2023-03-22 09:24:54.940000,1952.5,1597.5,1775.0,-355.0
600519,2023-03-22 09:24:54.960000,1952.5,1597.5,1775.0,-355.0
600519,2023-03-22 09:24:55.020000,1952.5,1597.5,1775.0,-355.0
600519,2023-03-22 09:24:55.170000,1952.5,1597.5,1775.0,-355.0
600519,2023-03-22 09:24:55.540000,1952.5,1597.5,1775.0,-355.0
600519,2023-03-22 09:24:55.540000,1952.5,1597.5,1775.0,-355.0
600519,2023-03-22 09:24:55.550000,1952.5,1597.5,1775.0,-355.0
600519,2023-03-22 09:24:55.670000,1952.5,1597.5,1775.0,-355.0
600519,2023-03-22 09:24:56.390000,1952.5,1597.5,1775.0,-355.0
600519,2023-03-22 09:24:56.410000,1952.5,1597.5,1775.0,-355.0
600519,2023-03-22 09:24:56.740000,1952.5,1597.5,1775.0,-355.0
600519,2023-03-22 09:24:57.060000,1952.5,1597.5,1775.0,-355.0
600519,2023-03-22 09:24:57.060000,1952.5,1597.5,1775.0,-355.0
600519,2023-03-22 09:24:57.080000,1952.5,1597.5,1775.0,-355.0
600519,2023-03-22 09:24:57.110000,1952.5,1597.5,1775.0,-355.0
600519,2023-03-22 09:24:57.730000,1952.5,1597.5,1775.0,-355.0
600519,2023-03-22 09:24:57.810000,1952.5,1597.5,1775.0,-355.0
600519,2023-03-22 09:24:58,1952.5,1597.5,1775.0,-355.0
600519,2023-03-22 09:24:58,1952.5,1597.5,1775.0,-355.0
600519,2023-03-22 09:24:58,1952.5,1597.5,1775.0,-355.0
600519,2023-03-22 09:24:58.020000,1952.5,1597.5,1775.0,-355.0
600519,2023-03-22 09:24:58.040000,1952.5,1597.5,1775.0,-355.0
600519,2023-03-22 09:24:58.220000,1952.5,1597.5,1775.0,-355.0
600519,2023-03-22 09:24:58.890000,1952.5,1597.5,1775.0,-355.0
600519,2023-03-22 09:24:58.910000,1952.5,1597.5,1775.0,-355.0
600519,2023-03-22 09:24:59.040000,1952.5,1597.5,1775.0,-355.0
600519,2023-03-22 09:24:59.110000,1952.5,1597.5,1775.0,-355.0
600519,2023-03-22 09:25:00.380000,1952.5,1597.5,1775.0,-355.0
600519,2023-03-22 09:25:00.380000,1952.5,1597.5,1775.0,-355.0
600519,2023-03-22 09:25:00.380000,1952.5,1597.5,1775.0,-355.0
600519,2023-03-22 09:25:00.380000,1952.5,1597.5,1775.0,-355.0
600519,2023-03-22 09:25:00.380000,1952.5,1597.5,1775.0,-355.0
600519,2023-03-22 09:25:00.380000,1952.5,1597.5,1775.0,-355.0
600519,2023-03-22 09:25:00.380000,1952.5,1597.5,1775.0,-355.0
600519,2023-03-22 09:25:00.380000,1952.5,1597.5,1775.0,-355.0
600519,2023-03-22 09:25:00.380000,1952.5,1597.5,1775.0,-355.0
600519,2023-03-22 09:25:00.380000,1952.5,1597.5,1775.0,-355.0
600519,2023-03-22 09:25:00.380000,1952.5,1597.5,1775.0,-355.0
600519,2023-03-22 09:25:00.380000,1952.5,1597.5,1775.0,-355.0
600519,2023-03-22 09:25:00.380000,1952.5,1597.5,1775.0,-355.0
600519,2023-03-22 09:25:00.380000,1952.5,1597.5,1775.0,-355.0
600519,2023-03-22 09:25:00.380000,1952.5,1597.5,1775.0,-355.0
600519,2023-03-22 09:25:00.380000,1952.5,1597.5,1775.0,-355.0
600519,2023-03-22 09:25:00.380000,1952.5,1597.5,1775.0,-355.0
600519,2023-03-22 09:25:00.380000,1952.5,1597.5,1775.0,-355.0
600519,2023-03-22 09:25:00.380000,1952.5,1597.5,1775.0,-355.0
600519,2023-03-22 09:25:00.380000,1952.5,1597.5,1775.0,-355.0
600519,2023-03-22 09:25:00.380000,1952.5,1597.5,1775.0,-355.0
600519,2023-03-22 09:25:00.380000,1952.5,1597.5,1775.0,-355.0
600519,2023-03-22 09:25:00.380000,1952.5,1597.5,1775.0,-355.0
600519,2023-03-22 09:25:00.380000,1952.5,1597.5,1775.0,-355.0
600519,2023-03-22 09:25:00.380000,1902.56,1597.5,1750.03,-305.05999999999995
600519,2023-03-22 09:25:00.380000,1902.56,1597.5,1750.03,-305.05999999999995
600519,2023-03-22 09:25:00.380000,1902.56,1597.5,1750.03,-305.05999999999995
600519,2023-03-22 09:25:00.380000,1902.56,1597.5,1750.03,-305.05999999999995
600519,2023-03-22 09:25:00.380000,1902.56,1597.5,1750.03,-305.05999999999995
600519,2023-03-22 09:25:00.380000,1902.56,1597.5,1750.03,-305.05999999999995
600519,2023-03-22 09:25:00.380000,1902.56,1597.5,1750.03,-305.05999999999995
600519,2023-03-22 09:25:00.380000,1902.56,1597.5,1750.03,-305.05999999999995
600519,2023-03-22 09:25:00.380000,1902.56,1597.5,1750.03,-305.05999999999995
600519,2023-03-22 09:25:00.380000,1902.56,1597.5,1750.03,-305.05999999999995
600519,2023-03-22 09:25:00.380000,1902.56,1597.5,1750.03,-305.05999999999995
600519,2023-03-22 09:25:00.380000,1902.56,1597.5,1750.03,-305.05999999999995
600519,2023-03-22 09:25:00.380000,1902.56,1597.5,1750.03,-305.05999999999995
600519,2023-03-22 09:25:00.380000,1902.56,1597.5,1750.03,-305.05999999999995
600519,2023-03-22 09:25:00.380000,1902.56,1597.5,1750.03,-305.05999999999995
600519,2023-03-22 09:25:00.380000,1902.56,1597.5,1750.03,-305.05999999999995
600519,2023-03-22 09:25:00.380000,1902.56,1597.5,1750.03,-305.05999999999995
600519,2023-03-22 09:25:00.380000,1902.56,1597.5,1750.03,-305.05999999999995
600519,2023-03-22 09:25:00.380000,1902.56,1597.5,1750.03,-305.05999999999995
600519,2023-03-22 09:25:00.380000,1902.56,1597.5,1750.03,-305.05999999999995
600519,2023-03-22 09:25:00.380000,1869.01,1597.5,1733.255,-271.51
600519,2023-03-22 09:25:00.380000,1869.01,1597.5,1733.255,-271.51
600519,2023-03-22 09:25:00.380000,1863.75,1597.5,1730.625,-266.25
600519,2023-03-22 09:25:00.380000,1863.75,1597.5,1730.625,-266.25
600519,2023-03-22 09:25:00.380000,1863.75,1597.5,1730.625,-266.25
600519,2023-03-22 09:25:00.380000,1863.75,1597.5,1730.625,-266.25
600519,2023-03-22 09:25:00.380000,1863.75,1597.5,1730.625,-266.25
600519,2023-03-22 09:25:00.380000,1863.75,1597.5,1730.625,-266.25
600519,2023-03-22 09:25:00.380000,1863.75,1597.5,1730.625,-266.25
600519,2023-03-22 09:25:00.380000,1863.75,1597.5,1730.625,-266.25
600519,2023-03-22 09:25:00.380000,1863.75,1597.5,1730.625,-266.25
600519,2023-03-22 09:25:00.380000,1863.75,1597.5,1730.625,-266.25
600519,2023-03-22 09:25:00.380000,1863.75,1597.5,1730.625,-266.25
600519,2023-03-22 09:25:00.380000,1863.75,1597.5,1730.625,-266.25
600519,2023-03-22 09:25:00.380000,1863.75,1597.5,1730.625,-266.25
600519,2023-03-22 09:25:00.380000,1863.75,1597.5,1730.625,-266.25
600519,2023-03-22 09:25:00.380000,1863.75,1597.5,1730.625,-266.25
600519,2023-03-22 09:25:00.380000,1863.75,1597.5,1730.625,-266.25
600519,2023-03-22 09:25:00.380000,1863.75,1597.5,1730.625,-266.25
600519,2023-03-22 09:25:00.380000,1863.75,1597.5,1730.625,-266.25
600519,2023-03-22 09:25:00.380000,1863.75,1597.5,1730.625,-266.25
600519,2023-03-22 09:25:00.380000,1863.75,1597.5,1730.625,-266.25
600519,2023-03-22 09:25:00.380000,1863.75,1597.5,1730.625,-266.25
600519,2023-03-22 09:25:00.380000,1863.75,1597.5,1730.625,-266.25
600519,2023-03-22 09:25:00.380000,1863.75,1597.5,1730.625,-266.25
600519,2023-03-22 09:25:00.380000,1863.75,1597.5,1730.625,-266.25
600519,2023-03-22 09:25:00.380000,1863.75,1597.5,1730.625,-266.25
600519,2023-03-22 09:25:00.380000,1863.75,1597.5,1730.625,-266.25
600519,2023-03-22 09:25:00.380000,1863.75,1597.5,1730.625,-266.25
600519,2023-03-22 09:25:00.380000,1863.75,1597.5,1730.625,-266.25
600519,2023-03-22 09:25:00.380000,1863.75,1597.5,1730.625,-266.25
600519,2023-03-22 09:25:00.380000,1863.75,1597.5,1730.625,-266.25
600519,2023-03-22 09:25:00.380000,1863.75,1597.5,1730.625,-266.25
600519,2023-03-22 09:25:00.380000,1863.75,1597.52,1730.635,-266.23
600519,2023-03-22 09:25:00.380000,1863.75,1686.25,1775.0,-177.5
600519,2023-03-22 09:25:00.380000,1863.75,1686.25,1775.0,-177.5
600519,2023-03-22 09:25:00.380000,1863.75,1686.25,1775.0,-177.5
600519,2023-03-22 09:25:00.380000,1863.75,1686.26,1775.005,-177.49
600519,2023-03-22 09:25:00.380000,1863.75,1686.43,1775.0900000000001,-177.31999999999994
600519,2023-03-22 09:25:00.380000,1863.75,1686.43,1775.0900000000001,-177.31999999999994
600519,2023-03-22 09:25:00.380000,1863.75,1686.43,1775.0900000000001,-177.31999999999994
600519,2023-03-22 09:25:00.380000,1863.75,1723.69,1793.72,-140.05999999999995
600519,2023-03-22 09:25:00.380000,1863.75,1723.69,1793.72,-140.05999999999995
600519,2023-03-22 09:25:00.380000,1863.75,1730.0,1796.875,-133.75
600519,2023-03-22 09:25:00.380000,1863.75,1760.0,1811.875,-103.75
600519,2023-03-22 09:25:00.380000,1863.75,1760.0,1811.875,-103.75
600519,2023-03-22 09:25:00.380000,1863.74,1760.0,1811.87,-103.74000000000001
600519,2023-03-22 09:25:00.380000,1863.74,1770.0,1816.87,-93.74000000000001
600519,2023-03-22 09:25:00.380000,1863.57,1770.0,1816.7849999999999,-93.56999999999994
600519,2023-03-22 09:25:00.380000,1863.57,1770.0,1816.7849999999999,-93.56999999999994
600519,2023-03-22 09:25:00.380000,1863.57,1770.0,1816.7849999999999,-93.56999999999994
600519,2023-03-22 09:25:00.380000,1863.57,1770.0,1816.7849999999999,-93.56999999999994
600519,2023-03-22 09:25:00.380000,1863.57,1770.0,1816.7849999999999,-93.56999999999994
600519,2023-03-22 09:25:00.380000,1863.57,1771.0,1817.2849999999999,-92.56999999999994
600519,2023-03-22 09:25:00.380000,1861.97,1771.0,1816.4850000000001,-90.97000000000003
600519,2023-03-22 09:25:00.380000,1830.29,1771.0,1800.645,-59.289999999999964
600519,2023-03-22 09:25:00.380000,1830.29,1771.11,1800.6999999999998,-59.180000000000064
600519,2023-03-22 09:25:00.380000,1830.29,1774.98,1802.635,-55.309999999999945
600519,2023-03-22 09:25:00.380000,1830.29,1775.0,1802.645,-55.289999999999964
600519,2023-03-22 09:25:00.380000,1830.29,1775.0,1802.645,-55.289999999999964
600519,2023-03-22 09:25:00.380000,1830.29,1775.0,1802.645,-55.289999999999964
600519,2023-03-22 09:25:00.380000,1830.29,1775.0,1802.645,-55.289999999999964
600519,2023-03-22 09:25:00.380000,1830.29,1775.0,1802.645,-55.289999999999964
600519,2023-03-22 09:25:00.380000,1830.29,1775.34,1802.815,-54.950000000000045
600519,2023-03-22 09:25:00.380000,1830.29,1775.34,1802.815,-54.950000000000045
600519,2023-03-22 09:25:00.380000,1830.29,1775.34,1802.815,-54.950000000000045
600519,2023-03-22 09:25:00.380000,1830.29,1775.8,1803.045,-54.49000000000001
600519,2023-03-22 09:25:00.380000,1830.29,1776.0,1803.145,-54.289999999999964
600519,2023-03-22 09:25:00.380000,1830.29,1776.0,1803.145,-54.289999999999964
600519,2023-03-22 09:25:00.380000,1830.29,1776.0,1803.145,-54.289999999999964
600519,2023-03-22 09:25:00.380000,1830.29,1776.0,1803.145,-54.289999999999964
600519,2023-03-22 09:25:00.380000,1830.29,1776.1,1803.195,-54.190000000000055
600519,2023-03-22 09:25:00.380000,1815.6,1776.1,1795.85,-39.5
600519,2023-03-22 09:25:00.380000,1815.6,1776.75,1796.175,-38.84999999999991
600519,2023-03-22 09:25:00.380000,1800.0,1776.75,1788.375,-23.25
600519,2023-03-22 09:25:00.380000,1800.0,1776.75,1788.375,-23.25
600519,2023-03-22 09:25:00.380000,1800.0,1776.8,1788.4,-23.200000000000045
600519,2023-03-22 09:25:00.380000,1800.0,1776.9,1788.45,-23.09999999999991
600519,2023-03-22 09:25:00.380000,1799.0,1776.9,1787.95,-22.09999999999991
600519,2023-03-22 09:25:00.380000,1799.0,1776.95,1787.975,-22.049999999999955
600519,2023-03-22 09:25:00.380000,1799.0,1776.95,1787.975,-22.049999999999955
600519,2023-03-22 09:25:00.380000,1799.0,1776.98,1787.99,-22.019999999999982
600519,2023-03-22 09:25:00.380000,1797.8,1776.98,1787.3899999999999,-20.819999999999936
600519,2023-03-22 09:25:00.380000,1797.8,1776.99,1787.395,-20.809999999999945
600519,2023-03-22 09:25:00.380000,1797.8,1776.99,1787.395,-20.809999999999945
600519,2023-03-22 09:25:00.380000,1788.99,1776.99,1782.99,-12.0
600519,2023-03-22 09:25:00.380000,1786.09,1776.99,1781.54,-9.099999999999909
600519,2023-03-22 09:25:00.380000,1785.87,1776.99,1781.4299999999998,-8.879999999999882
600519,2023-03-22 09:25:00.380000,1785.87,1776.99,1781.4299999999998,-8.879999999999882
600519,2023-03-22 09:25:00.380000,1785.87,1776.99,1781.4299999999998,-8.879999999999882
600519,2023-03-22 09:25:00.380000,1785.87,1777.0,1781.435,-8.86999999999989
600519,2023-03-22 09:25:00.380000,1785.87,1778.0,1781.935,-7.869999999999891
600519,2023-03-22 09:25:00.380000,1785.87,1778.5,1782.185,-7.369999999999891
600519,2023-03-22 09:25:00.380000,1785.87,1778.85,1782.36,-7.019999999999982
600519,2023-03-22 09:25:00.380000,1785.87,1779.0,1782.435,-6.869999999999891
600519,2023-03-22 09:25:00.380000,1785.87,1779.0,1782.435,-6.869999999999891
600519,2023-03-22 09:25:00.380000,1783.0,1779.0,1781.0,-4.0
600519,2023-03-22 09:25:00.380000,1780.89,1779.0,1779.9450000000002,-1.8900000000001
600519,2023-03-22 09:25:00.380000,1780.5,1779.0,1779.75,-1.5
600519,2023-03-22 09:25:00.380000,1780.32,1779.0,1779.6599999999999,-1.3199999999999363
