TradingTime,TradeVolume,TradeValue,SecurityID,OrderNo,OfferNo,TradeNo,ChannelCode,SBMark,SerialNo,SendingTime,TradePrice
2023-03-22 09:25:00,17703,31511340.0,600519.0,217350.0,236599.0,12087.0,6.0,N,93080.0,20230322092500.0,1780.0
2023-03-22 09:30:00,7900,14080910.0,600519.0,225380.0,246188.0,32301.0,6.0,S,284260.0,20230322093000.0,1782.393670886076
2023-03-22 09:30:01,997,1774752.53,600519.0,258268.0,256801.0,36019.0,6.0,B,298943.0,20230322093000.0,1780.092808425276
2023-03-22 09:30:02,500,890000.0,600519.0,270889.0,263528.0,40232.0,6.0,B,314461.0,20230322093003.0,1780.0
2023-03-22 09:30:03,600,1068000.0,600519.0,283187.0,274051.0,44079.0,6.0,B,329416.0,20230322093003.0,1780.0
2023-03-22 09:30:04,1800,3204592.0,600519.0,188391.0,296554.0,48048.0,6.0,S,345153.0,20230322093006.0,1780.328888888889
2023-03-22 09:30:05,700,1246683.27,600519.0,307172.0,298190.0,51378.0,6.0,B,358014.0,20230322093006.0,1780.9761
2023-03-22 09:30:06,1400,2489787.0,600519.0,323114.0,309557.0,56679.0,6.0,B,377324.0,20230322093006.0,1778.4192857142857
2023-03-22 09:30:07,1000,1780113.0,600519.0,330832.0,332936.0,59961.0,6.0,S,389304.0,20230322093009.0,1780.113
2023-03-22 09:30:08,1100,1959104.7,600519.0,345680.0,253729.0,64292.0,6.0,B,404721.0,20230322093009.0,1781.0042727272728
2023-03-22 09:30:09,1603,2855343.0,600519.0,351258.0,356248.0,67786.0,6.0,S,417499.0,20230322093012.0,1781.2495321272613
2023-03-22 09:30:11,600,1069623.0,600519.0,362694.0,379193.0,75936.0,6.0,S,445986.0,20230322093015.0,1782.705
2023-03-22 09:30:12,1400,2493675.0,600519.0,382664.0,392531.0,81048.0,6.0,S,463275.0,20230322093015.0,1781.1964285714287
2023-03-22 09:30:13,703,1252620.94,600519.0,404465.0,306042.0,86210.0,6.0,B,478979.0,20230322093018.0,1781.8221052631577
2023-03-22 09:30:14,1300,2317800.0,600519.0,404269.0,415001.0,90601.0,6.0,S,493336.0,20230322093018.0,1782.923076923077
2023-03-22 09:30:15,800,1426395.0,600519.0,408163.0,423657.0,94840.0,6.0,S,506102.0,20230322093018.0,1782.99375
2023-03-22 09:30:16,300,534864.0,600519.0,408240.0,426554.0,96586.0,6.0,S,510866.0,20230322093018.0,1782.88
2023-03-22 09:30:17,1100,1961694.0,600519.0,428672.0,429217.0,98179.0,6.0,S,515205.0,20230322093021.0,1783.3581818181817
2023-03-22 09:30:18,2200,3922652.0,600519.0,433148.0,431107.0,100422.0,6.0,B,521262.0,20230322093021.0,1783.0236363636363
2023-03-22 09:30:19,700,1248083.0,600519.0,433233.0,435777.0,102049.0,6.0,S,525495.0,20230322093021.0,1782.9757142857143
2023-03-22 09:30:20,300,534966.0,600519.0,436442.0,438349.0,103736.0,6.0,S,529682.0,20230322093021.0,1783.22
2023-03-22 09:30:21,800,1426410.0,600519.0,441119.0,441587.0,105833.0,6.0,S,534804.0,20230322093021.0,1783.0125
2023-03-22 09:30:22,1000,1783290.0,600519.0,444341.0,424296.0,107705.0,6.0,B,539205.0,20230322093024.0,1783.29
2023-03-22 09:30:23,300,534889.0,600519.0,447057.0,446594.0,109671.0,6.0,B,543506.0,20230322093024.0,1782.9633333333334
2023-03-22 09:30:24,1000,1783954.0,600519.0,450114.0,325339.0,111750.0,6.0,B,548384.0,20230322093024.0,1783.954
2023-03-22 09:30:25,810,1445018.6,600519.0,452568.0,452710.0,113352.0,6.0,S,552511.0,20230322093024.0,1783.9735802469138
2023-03-22 09:30:26,3000,5351753.3,600519.0,455696.0,420868.0,115390.0,6.0,B,557260.0,20230322093024.0,1783.9177666666667
2023-03-22 09:30:27,600,1070800.0,600519.0,458605.0,419735.0,117617.0,6.0,B,562194.0,20230322093027.0,1784.6666666666667
2023-03-22 09:30:28,400,713676.0,600519.0,460845.0,419735.0,119050.0,6.0,B,565680.0,20230322093027.0,1784.19
2023-03-22 09:30:29,200,356878.0,600519.0,463984.0,424297.0,121215.0,6.0,B,570694.0,20230322093027.0,1784.39
2023-03-22 09:30:30,400,713838.0,600519.0,467251.0,460380.0,123086.0,6.0,B,575675.0,20230322093030.0,1784.595
2023-03-22 09:30:31,300,535273.0,600519.0,456154.0,468662.0,124091.0,6.0,S,577976.0,20230322093030.0,1784.2433333333333
2023-03-22 09:30:33,600,1070560.0,600519.0,475887.0,467820.0,129016.0,6.0,B,589867.0,20230322093033.0,1784.2666666666667
2023-03-22 09:30:34,200,356998.0,600519.0,477568.0,479157.0,131235.0,6.0,S,595391.0,20230322093033.0,1784.99
2023-03-22 09:30:35,988,1762917.0,600519.0,469083.0,481953.0,133146.0,6.0,S,599834.0,20230322093033.0,1784.328947368421
2023-03-22 09:30:36,4899,8744145.120000001,600519.0,484971.0,160449.0,135038.0,6.0,B,604687.0,20230322093036.0,1784.8836742192286
2023-03-22 09:30:37,3100,5535748.0,600519.0,486508.0,476313.0,136195.0,6.0,B,607246.0,20230322093036.0,1785.7251612903226
2023-03-22 09:30:38,300,535716.0,600519.0,487135.0,490005.0,138572.0,6.0,S,612855.0,20230322093036.0,1785.72
2023-03-22 09:30:39,3100,5535900.0,600519.0,492675.0,490391.0,140402.0,6.0,B,617067.0,20230322093039.0,1785.774193548387
2023-03-22 09:30:40,100,178636.0,600519.0,494036.0,201919.0,141434.0,6.0,B,619327.0,20230322093039.0,1786.36
2023-03-22 09:30:41,300,535903.0,600519.0,492915.0,497119.0,143495.0,6.0,S,624180.0,20230322093039.0,1786.3433333333332
2023-03-22 09:30:42,400,714590.0,600519.0,500737.0,352965.0,145897.0,6.0,B,629955.0,20230322093042.0,1786.475
2023-03-22 09:30:43,100,178689.0,600519.0,500809.0,502981.0,147508.0,6.0,S,633617.0,20230322093042.0,1786.89
2023-03-22 09:30:44,100,178603.0,600519.0,492915.0,503359.0,147723.0,6.0,S,634154.0,20230322093042.0,1786.03
2023-03-22 09:30:45,300,536096.0,600519.0,508210.0,149899.0,151138.0,6.0,B,642039.0,20230322093045.0,1786.9866666666667
2023-03-22 09:30:46,800,1429519.0,600519.0,509324.0,509706.0,152044.0,6.0,S,644348.0,20230322093045.0,1786.89875
2023-03-22 09:30:47,100,178680.0,600519.0,504679.0,511452.0,153166.0,6.0,S,647166.0,20230322093045.0,1786.8
2023-03-22 09:30:48,400,714753.0,600519.0,504679.0,514411.0,155497.0,6.0,S,652216.0,20230322093048.0,1786.8825
2023-03-22 09:30:49,2000,3573962.0,600519.0,516825.0,516269.0,157174.0,6.0,B,656026.0,20230322093048.0,1786.981
2023-03-22 09:30:50,1100,1965575.0,600519.0,504679.0,518728.0,158350.0,6.0,S,658942.0,20230322093048.0,1786.8863636363637
2023-03-22 09:30:51,600,1071618.0,600519.0,521310.0,520015.0,159867.0,6.0,B,662931.0,20230322093051.0,1786.03
2023-03-22 09:30:52,400,714639.0,600519.0,523425.0,519184.0,161158.0,6.0,B,666132.0,20230322093051.0,1786.5975
2023-03-22 09:30:54,300,535967.0,600519.0,528168.0,527550.0,164253.0,6.0,B,673615.0,20230322093054.0,1786.5566666666666
2023-03-22 09:30:55,1100,1964975.0,600519.0,530024.0,530186.0,165475.0,6.0,S,676672.0,20230322093054.0,1786.340909090909
2023-03-22 09:30:56,600,1072021.0,600519.0,531282.0,531765.0,166467.0,6.0,S,679199.0,20230322093054.0,1786.7016666666666
2023-03-22 09:30:57,1900,3395256.0,600519.0,533460.0,534511.0,168116.0,6.0,S,683489.0,20230322093057.0,1786.9768421052631
2023-03-22 09:30:58,900,1608287.0,600519.0,535716.0,535615.0,168970.0,6.0,B,685435.0,20230322093057.0,1786.9855555555555
2023-03-22 09:30:59,800,1429582.0,600519.0,533311.0,538306.0,170694.0,6.0,S,689617.0,20230322093057.0,1786.9775
2023-03-22 09:31:00,1000,1786962.0,600519.0,541269.0,541217.0,172684.0,6.0,B,694266.0,20230322093100.0,1786.962
2023-03-22 09:31:01,500,893503.0,600519.0,541384.0,543466.0,174120.0,6.0,S,697791.0,20230322093100.0,1787.006
2023-03-22 09:31:02,100,178743.0,600519.0,544413.0,541774.0,174786.0,6.0,B,699208.0,20230322093100.0,1787.43
2023-03-22 09:31:03,300,536236.0,600519.0,548822.0,144701.0,177618.0,6.0,B,705971.0,20230322093103.0,1787.4533333333334
2023-03-22 09:31:04,800,1430137.0,600519.0,549065.0,551033.0,179062.0,6.0,S,709409.0,20230322093103.0,1787.67125
2023-03-22 09:31:05,1100,1965765.0,600519.0,544705.0,553995.0,180980.0,6.0,S,714027.0,20230322093103.0,1787.0590909090909
2023-03-22 09:31:06,800,1430303.0,600519.0,557296.0,529981.0,183188.0,6.0,B,719546.0,20230322093106.0,1787.87875
2023-03-22 09:31:07,1900,3397185.0,600519.0,559639.0,135143.0,184823.0,6.0,B,723212.0,20230322093106.0,1787.9921052631578
2023-03-22 09:31:08,900,1609197.0,600519.0,561801.0,190179.0,186336.0,6.0,B,726595.0,20230322093106.0,1787.9966666666667
2023-03-22 09:31:09,2100,3754795.0,600519.0,565025.0,565294.0,188457.0,6.0,S,731797.0,20230322093109.0,1787.997619047619
2023-03-22 09:31:10,1800,3218396.0,600519.0,567736.0,559159.0,190082.0,6.0,B,735670.0,20230322093109.0,1787.9977777777779
2023-03-22 09:31:11,700,1251624.0,600519.0,570337.0,340718.0,191863.0,6.0,B,739644.0,20230322093109.0,1788.0342857142857
2023-03-22 09:31:12,700,1251834.0,600519.0,572801.0,372226.0,193444.0,6.0,B,743408.0,20230322093112.0,1788.3342857142857
2023-03-22 09:31:13,1100,1967727.0,600519.0,572814.0,574079.0,194207.0,6.0,S,745410.0,20230322093112.0,1788.8427272727272
2023-03-22 09:31:14,200,357724.0,600519.0,577036.0,577723.0,196446.0,6.0,S,750932.0,20230322093112.0,1788.62
2023-03-22 09:31:15,1300,2325456.0,600519.0,580378.0,195958.0,197957.0,6.0,B,754955.0,20230322093115.0,1788.8123076923077
2023-03-22 09:31:16,1900,3399241.0,600519.0,582041.0,582500.0,199319.0,6.0,S,758250.0,20230322093115.0,1789.0742105263157
2023-03-22 09:31:17,200,357869.0,600519.0,583316.0,573427.0,199830.0,6.0,B,759505.0,20230322093115.0,1789.345
2023-03-22 09:31:18,900,1610619.0,600519.0,583415.0,587265.0,202345.0,6.0,S,765682.0,20230322093118.0,1789.5766666666666
2023-03-22 09:31:19,1300,2326815.0,600519.0,587544.0,589164.0,203466.0,6.0,S,768688.0,20230322093118.0,1789.8576923076923
2023-03-22 09:31:20,200,357966.0,600519.0,590762.0,591038.0,204654.0,6.0,S,771637.0,20230322093118.0,1789.83
2023-03-22 09:31:21,100,178981.0,600519.0,590008.0,593227.0,206048.0,6.0,S,774938.0,20230322093121.0,1789.81
2023-03-22 09:31:22,1000,1789891.0,600519.0,593941.0,229893.0,206572.0,6.0,B,776062.0,20230322093121.0,1789.891
2023-03-22 09:31:23,300,536975.0,600519.0,596472.0,596665.0,208475.0,6.0,S,780435.0,20230322093121.0,1789.9166666666667
2023-03-22 09:31:24,200,357992.0,600519.0,599917.0,221336.0,210339.0,6.0,B,785257.0,20230322093124.0,1789.96
2023-03-22 09:31:25,600,1073982.0,600519.0,600259.0,601104.0,210995.0,6.0,S,787039.0,20230322093124.0,1789.97
2023-03-22 09:31:26,100,178997.0,600519.0,600259.0,602506.0,211719.0,6.0,S,789066.0,20230322093124.0,1789.97
2023-03-22 09:31:27,1400,2505973.0,600519.0,605991.0,338431.0,213727.0,6.0,B,794377.0,20230322093127.0,1789.9807142857144
2023-03-22 09:31:28,1500,2684993.9,600519.0,608212.0,303443.0,215321.0,6.0,B,797901.0,20230322093127.0,1789.9959333333334
2023-03-22 09:31:29,500,894996.0,600519.0,606010.0,610167.0,216481.0,6.0,S,800763.0,20230322093127.0,1789.992
2023-03-22 09:31:30,1410,2523889.7,600519.0,604371.0,611735.0,217371.0,6.0,S,803023.0,20230322093127.0,1789.992695035461
2023-03-22 09:31:31,200,358382.0,600519.0,613960.0,587267.0,218722.0,6.0,B,806253.0,20230322093130.0,1791.91
2023-03-22 09:31:33,100,179191.0,600519.0,617082.0,587267.0,220569.0,6.0,B,810906.0,20230322093130.0,1791.91
2023-03-22 09:31:34,400,716428.0,600519.0,620447.0,587567.0,222656.0,6.0,B,816024.0,20230322093133.0,1791.07
2023-03-22 09:31:35,1100,1969231.0,600519.0,613419.0,622610.0,224030.0,6.0,S,819237.0,20230322093133.0,1790.21
2023-03-22 09:31:36,500,895962.0,600519.0,625156.0,21222.0,225550.0,6.0,B,823127.0,20230322093136.0,1791.924
2023-03-22 09:31:37,200,358300.0,600519.0,623477.0,626890.0,226690.0,6.0,S,825800.0,20230322093136.0,1791.5
2023-03-22 09:31:38,500,895972.0,600519.0,628385.0,627638.0,227647.0,6.0,B,828050.0,20230322093136.0,1791.944
2023-03-22 09:31:39,600,1075140.0,600519.0,629943.0,627638.0,228566.0,6.0,B,830426.0,20230322093136.0,1791.9
2023-03-22 09:31:40,1000,1791806.0,600519.0,632435.0,632578.0,230147.0,6.0,S,834213.0,20230322093139.0,1791.806
2023-03-22 09:31:41,400,716800.0,600519.0,634780.0,626396.0,231474.0,6.0,B,837555.0,20230322093139.0,1792.0
2023-03-22 09:31:42,900,1612822.0,600519.0,636531.0,636842.0,232782.0,6.0,S,840692.0,20230322093142.0,1792.0244444444445
2023-03-22 09:31:43,200,358439.0,600519.0,636929.0,638291.0,233737.0,6.0,S,843024.0,20230322093142.0,1792.195
2023-03-22 09:31:45,200,358403.0,600519.0,636296.0,640993.0,235391.0,6.0,S,847148.0,20230322093142.0,1792.015
2023-03-22 09:31:46,100,179218.0,600519.0,643314.0,643885.0,237183.0,6.0,S,851557.0,20230322093145.0,1792.18
2023-03-22 09:31:48,400,716984.0,600519.0,647957.0,648661.0,240075.0,6.0,S,858796.0,20230322093148.0,1792.46
2023-03-22 09:31:49,400,716984.0,600519.0,650491.0,648964.0,241149.0,6.0,B,861444.0,20230322093148.0,1792.46
2023-03-22 09:31:50,200,358427.0,600519.0,652759.0,651724.0,242305.0,6.0,B,864693.0,20230322093148.0,1792.135
2023-03-22 09:31:52,100,179218.0,600519.0,652993.0,655228.0,243744.0,6.0,S,868450.0,20230322093151.0,1792.18
2023-03-22 09:31:54,2300,4121682.0,600519.0,661014.0,660849.0,247410.0,6.0,B,877279.0,20230322093154.0,1792.0356521739131
2023-03-22 09:31:55,200,358291.0,600519.0,627633.0,662206.0,248093.0,6.0,S,879082.0,20230322093154.0,1791.455
2023-03-22 09:31:56,500,895973.0,600519.0,664575.0,664242.0,249681.0,6.0,B,882708.0,20230322093154.0,1791.946
2023-03-22 09:31:57,600,1075100.0,600519.0,666842.0,661192.0,251092.0,6.0,B,886157.0,20230322093157.0,1791.8333333333333
2023-03-22 09:31:58,300,537600.0,600519.0,668389.0,667419.0,252106.0,6.0,B,888501.0,20230322093157.0,1792.0
2023-03-22 09:31:59,100,179198.0,600519.0,669766.0,669398.0,252906.0,6.0,B,890553.0,20230322093157.0,1791.98
2023-03-22 09:32:00,300,537600.0,600519.0,672660.0,669348.0,254744.0,6.0,B,894950.0,20230322093200.0,1792.0
2023-03-22 09:32:01,400,716594.0,600519.0,674196.0,669348.0,255761.0,6.0,B,897348.0,20230322093200.0,1791.485
2023-03-22 09:32:02,300,537600.0,600519.0,677147.0,672212.0,257564.0,6.0,B,901659.0,20230322093200.0,1792.0
2023-03-22 09:32:03,800,1432860.0,600519.0,627633.0,680224.0,259557.0,6.0,S,906330.0,20230322093203.0,1791.075
2023-03-22 09:32:04,300,537600.0,600519.0,682598.0,672684.0,260999.0,6.0,B,909872.0,20230322093203.0,1792.0
2023-03-22 09:32:05,300,537420.0,600519.0,680946.0,685231.0,262756.0,6.0,S,913953.0,20230322093203.0,1791.4
2023-03-22 09:32:06,1000,1791209.0,600519.0,687765.0,672925.0,264407.0,6.0,B,917806.0,20230322093206.0,1791.209
2023-03-22 09:32:07,600,1075097.0,600519.0,627633.0,689786.0,265691.0,6.0,S,920835.0,20230322093206.0,1791.8283333333334
2023-03-22 09:32:08,700,1254000.0,600519.0,627633.0,692449.0,267425.0,6.0,S,924720.0,20230322093206.0,1791.4285714285713
2023-03-22 09:32:09,800,1433000.0,600519.0,627633.0,694462.0,268730.0,6.0,S,927715.0,20230322093209.0,1791.25
2023-03-22 09:32:10,700,1254095.0,600519.0,697229.0,697067.0,270442.0,6.0,B,931913.0,20230322093209.0,1791.5642857142857
2023-03-22 09:32:11,700,1253898.0,600519.0,627633.0,699216.0,271577.0,6.0,S,934784.0,20230322093209.0,1791.2828571428572
2023-03-22 09:32:12,500,895795.0,600519.0,701741.0,682896.0,273342.0,6.0,B,938756.0,20230322093212.0,1791.59
2023-03-22 09:32:13,1100,1970201.0,600519.0,627633.0,703278.0,274377.0,6.0,S,941148.0,20230322093212.0,1791.091818181818
2023-03-22 09:32:14,2000,3583600.0,600519.0,670309.0,705972.0,276109.0,6.0,S,945273.0,20230322093212.0,1791.8
2023-03-22 09:32:15,600,1074792.0,600519.0,708320.0,707469.0,277692.0,6.0,B,948901.0,20230322093215.0,1791.32
2023-03-22 09:32:16,1000,1791093.0,600519.0,710066.0,709021.0,278646.0,6.0,B,951468.0,20230322093215.0,1791.093
2023-03-22 09:32:17,200,358198.0,600519.0,673003.0,710698.0,278954.0,6.0,S,952384.0,20230322093215.0,1790.99
2023-03-22 09:32:18,100,179004.0,600519.0,645083.0,714500.0,281094.0,6.0,S,957963.0,20230322093218.0,1790.04
2023-03-22 09:32:21,100,179081.0,600519.0,721169.0,714869.0,284458.0,6.0,B,967586.0,20230322093221.0,1790.81
2023-03-22 09:32:23,100,179004.0,600519.0,645083.0,725599.0,286597.0,6.0,S,973792.0,20230322093221.0,1790.04
2023-03-22 09:32:24,1700,3044105.0,600519.0,728164.0,709628.0,288110.0,6.0,B,977653.0,20230322093224.0,1790.65
2023-03-22 09:32:25,500,895404.0,600519.0,729579.0,711890.0,288842.0,6.0,B,979736.0,20230322093224.0,1790.808
2023-03-22 09:32:26,300,537006.0,600519.0,703943.0,732225.0,290577.0,6.0,S,984109.0,20230322093224.0,1790.02
2023-03-22 09:32:27,3500,6264823.0,600519.0,734321.0,732225.0,291916.0,6.0,B,987400.0,20230322093227.0,1789.9494285714286
2023-03-22 09:32:28,1300,2327000.0,600519.0,735850.0,735744.0,293018.0,6.0,B,989892.0,20230322093227.0,1790.0
2023-03-22 09:32:29,1300,2326984.0,600519.0,738110.0,737821.0,294654.0,6.0,B,993589.0,20230322093227.0,1789.9876923076922
2023-03-22 09:32:30,500,894905.0,600519.0,740057.0,740042.0,295734.0,6.0,B,996465.0,20230322093230.0,1789.81
2023-03-22 09:32:31,400,715788.0,600519.0,739940.0,740658.0,296130.0,6.0,S,997322.0,20230322093230.0,1789.47
2023-03-22 09:32:32,2000,3581436.0,600519.0,743401.0,711890.0,298097.0,6.0,B,1001810.0,20230322093230.0,1790.718
2023-03-22 09:32:33,1600,2863021.0,600519.0,745724.0,745326.0,299307.0,6.0,B,1005143.0,20230322093233.0,1789.388125
2023-03-22 09:32:34,900,1610630.0,600519.0,747468.0,746130.0,300482.0,6.0,B,1007904.0,20230322093233.0,1789.588888888889
2023-03-22 09:32:35,800,1431341.0,600519.0,582545.0,749184.0,301593.0,6.0,S,1010669.0,20230322093233.0,1789.17625
2023-03-22 09:32:36,700,1252687.0,600519.0,751397.0,749903.0,302882.0,6.0,B,1013886.0,20230322093236.0,1789.5528571428572
2023-03-22 09:32:37,300,536747.0,600519.0,582545.0,751885.0,303140.0,6.0,S,1014570.0,20230322093236.0,1789.1566666666668
2023-03-22 09:32:38,300,536794.0,600519.0,754763.0,752467.0,304971.0,6.0,B,1019116.0,20230322093236.0,1789.3133333333333
2023-03-22 09:32:39,100,178947.0,600519.0,756444.0,754086.0,306066.0,6.0,B,1021753.0,20230322093239.0,1789.47
2023-03-22 09:32:40,800,1431200.0,600519.0,582545.0,757264.0,306581.0,6.0,S,1022990.0,20230322093239.0,1789.0
2023-03-22 09:32:41,200,357800.0,600519.0,582545.0,760733.0,308444.0,6.0,S,1028207.0,20230322093239.0,1789.0
2023-03-22 09:32:42,100,178900.0,600519.0,582545.0,762757.0,309808.0,6.0,S,1031343.0,20230322093242.0,1789.0
2023-03-22 09:32:43,200,357800.0,600519.0,582545.0,763880.0,310527.0,6.0,S,1033073.0,20230322093242.0,1789.0
2023-03-22 09:32:44,400,715738.0,600519.0,766453.0,766737.0,312262.0,6.0,S,1037271.0,20230322093242.0,1789.345
2023-03-22 09:32:46,600,1073797.0,600519.0,770251.0,755714.0,314560.0,6.0,B,1042692.0,20230322093245.0,1789.6616666666666
2023-03-22 09:32:47,300,537000.0,600519.0,771385.0,763767.0,315290.0,6.0,B,1044483.0,20230322093245.0,1790.0
2023-03-22 09:32:48,200,357904.0,600519.0,772343.0,773756.0,316770.0,6.0,S,1048103.0,20230322093245.0,1789.52
2023-03-22 09:32:49,400,715957.0,600519.0,775640.0,764874.0,317895.0,6.0,B,1050879.0,20230322093248.0,1789.8925
2023-03-22 09:32:50,300,536907.0,600519.0,774536.0,778362.0,319660.0,6.0,S,1054992.0,20230322093248.0,1789.69
2023-03-22 09:32:51,200,357952.0,600519.0,780375.0,778155.0,320909.0,6.0,B,1058064.0,20230322093251.0,1789.76
2023-03-22 09:32:54,500,894904.0,600519.0,782075.0,786176.0,324237.0,6.0,S,1066649.0,20230322093254.0,1789.808
2023-03-22 09:32:55,200,357904.0,600519.0,786231.0,786636.0,324555.0,6.0,S,1067370.0,20230322093254.0,1789.52
2023-03-22 09:32:56,100,178952.0,600519.0,788334.0,788031.0,325655.0,6.0,B,1070062.0,20230322093254.0,1789.52
2023-03-22 09:32:57,400,715999.0,600519.0,791892.0,791638.0,327730.0,6.0,B,1075387.0,20230322093257.0,1789.9975
2023-03-22 09:32:58,300,537000.0,600519.0,791892.0,792742.0,328199.0,6.0,S,1076653.0,20230322093257.0,1790.0
2023-03-22 09:32:59,100,179003.0,600519.0,794285.0,749091.0,329172.0,6.0,B,1079015.0,20230322093257.0,1790.03
2023-03-22 09:33:00,200,358005.0,600519.0,797108.0,797485.0,331111.0,6.0,S,1083841.0,20230322093300.0,1790.025
2023-03-22 09:33:01,300,536856.0,600519.0,795038.0,799463.0,332109.0,6.0,S,1086684.0,20230322093300.0,1789.52
2023-03-22 09:33:02,800,1431767.0,600519.0,800181.0,802300.0,333392.0,6.0,S,1090710.0,20230322093300.0,1789.70875
2023-03-22 09:33:03,300,536903.0,600519.0,802651.0,803498.0,334137.0,6.0,S,1092513.0,20230322093300.0,1789.6766666666667
2023-03-22 09:33:05,500,894756.0,600519.0,802671.0,809781.0,337571.0,6.0,S,1101633.0,20230322093303.0,1789.512
2023-03-22 09:33:06,300,536850.0,600519.0,811374.0,809781.0,338391.0,6.0,B,1103918.0,20230322093306.0,1789.5
2023-03-22 09:33:08,100,178950.0,600519.0,815544.0,809781.0,340601.0,6.0,B,1110082.0,20230322093306.0,1789.5
2023-03-22 09:33:09,100,178901.0,600519.0,803367.0,818700.0,342541.0,6.0,S,1115001.0,20230322093309.0,1789.01
2023-03-22 09:33:12,200,357902.0,600519.0,824041.0,814902.0,345580.0,6.0,B,1123126.0,20230322093312.0,1789.51
2023-03-22 09:33:13,300,536856.0,600519.0,824429.0,825530.0,346531.0,6.0,S,1125518.0,20230322093312.0,1789.52
2023-03-22 09:33:14,100,178901.0,600519.0,827594.0,826675.0,347764.0,6.0,B,1128690.0,20230322093312.0,1789.01
2023-03-22 09:33:15,200,357800.0,600519.0,582545.0,829565.0,349038.0,6.0,S,1131819.0,20230322093315.0,1789.0
2023-03-22 09:33:19,1300,2325700.0,600519.0,582545.0,837068.0,353627.0,6.0,S,1143451.0,20230322093318.0,1789.0
2023-03-22 09:33:20,1100,1968052.0,600519.0,582545.0,838393.0,354429.0,6.0,S,1145570.0,20230322093318.0,1789.138181818182
2023-03-22 09:33:21,400,715651.0,600519.0,840704.0,834477.0,356906.0,6.0,B,1150220.0,20230322093321.0,1789.1275
2023-03-22 09:33:22,100,178900.0,600519.0,780146.0,841076.0,357154.0,6.0,S,1150835.0,20230322093321.0,1789.0
2023-03-22 09:33:23,1000,1788998.0,600519.0,830265.0,843995.0,358767.0,6.0,S,1155102.0,20230322093321.0,1788.998
2023-03-22 09:33:24,300,536670.0,600519.0,845773.0,844608.0,359946.0,6.0,B,1157958.0,20230322093324.0,1788.9
2023-03-22 09:33:25,100,178900.0,600519.0,846060.0,845146.0,360107.0,6.0,B,1158401.0,20230322093324.0,1789.0
2023-03-22 09:33:27,100,178813.0,600519.0,848858.0,850836.0,363136.0,6.0,S,1165723.0,20230322093327.0,1788.13
2023-03-22 09:33:28,100,178813.0,600519.0,848858.0,851297.0,363405.0,6.0,S,1166432.0,20230322093327.0,1788.13
2023-03-22 09:33:29,100,178896.0,600519.0,853446.0,849345.0,364724.0,6.0,B,1169757.0,20230322093327.0,1788.96
2023-03-22 09:33:30,100,178813.0,600519.0,850982.0,855370.0,365779.0,6.0,S,1172501.0,20230322093327.0,1788.13
2023-03-22 09:33:31,100,178813.0,600519.0,852271.0,857076.0,366855.0,6.0,S,1175171.0,20230322093330.0,1788.13
2023-03-22 09:33:33,100,178813.0,600519.0,852945.0,859715.0,368483.0,6.0,S,1179270.0,20230322093330.0,1788.13
2023-03-22 09:33:34,200,357630.0,600519.0,860246.0,862251.0,370105.0,6.0,S,1183226.0,20230322093333.0,1788.15
2023-03-22 09:33:35,1000,1788086.0,600519.0,636134.0,864055.0,371129.0,6.0,S,1185914.0,20230322093333.0,1788.086
2023-03-22 09:33:36,500,894138.0,600519.0,818565.0,866320.0,372612.0,6.0,S,1189379.0,20230322093336.0,1788.276
2023-03-22 09:33:37,100,178816.0,600519.0,866394.0,866499.0,372821.0,6.0,S,1189736.0,20230322093336.0,1788.16
2023-03-22 09:33:38,400,715223.0,600519.0,564149.0,869741.0,374848.0,6.0,S,1194657.0,20230322093336.0,1788.0575
2023-03-22 09:33:39,100,178800.0,600519.0,870281.0,870266.0,375104.0,6.0,B,1195424.0,20230322093336.0,1788.0
2023-03-22 09:33:40,200,357596.0,600519.0,619349.0,873610.0,377085.0,6.0,S,1200366.0,20230322093339.0,1787.98
2023-03-22 09:33:41,200,357547.0,600519.0,871555.0,875267.0,378393.0,6.0,S,1203134.0,20230322093339.0,1787.735
2023-03-22 09:33:42,200,357611.0,600519.0,876084.0,876596.0,379152.0,6.0,S,1205077.0,20230322093339.0,1788.055
2023-03-22 09:33:43,100,178813.0,600519.0,876084.0,877589.0,379739.0,6.0,S,1206531.0,20230322093342.0,1788.13
2023-03-22 09:33:44,600,1072882.0,600519.0,876084.0,880216.0,381164.0,6.0,S,1210307.0,20230322093342.0,1788.1366666666668
2023-03-22 09:33:45,100,178813.0,600519.0,879839.0,881458.0,381816.0,6.0,S,1212025.0,20230322093342.0,1788.13
2023-03-22 09:33:46,100,178813.0,600519.0,883563.0,882630.0,383088.0,6.0,B,1215316.0,20230322093345.0,1788.13
2023-03-22 09:33:47,100,178750.0,600519.0,871555.0,884541.0,383728.0,6.0,S,1216825.0,20230322093345.0,1787.5
2023-03-22 09:33:48,100,178749.0,600519.0,882581.0,886329.0,384818.0,6.0,S,1219494.0,20230322093345.0,1787.49
2023-03-22 09:33:49,100,178750.0,600519.0,887997.0,887913.0,385884.0,6.0,B,1222089.0,20230322093348.0,1787.5
2023-03-22 09:33:50,100,178711.0,600519.0,859349.0,890777.0,387378.0,6.0,S,1226176.0,20230322093348.0,1787.11
2023-03-22 09:33:51,200,357461.0,600519.0,892238.0,889957.0,388207.0,6.0,B,1228310.0,20230322093348.0,1787.305
2023-03-22 09:33:52,100,178711.0,600519.0,892477.0,893746.0,389199.0,6.0,S,1230593.0,20230322093351.0,1787.11
2023-03-22 09:33:54,200,357396.0,600519.0,887444.0,897133.0,391279.0,6.0,S,1235738.0,20230322093351.0,1786.98
2023-03-22 09:33:55,100,178603.0,600519.0,542478.0,898468.0,392037.0,6.0,S,1237650.0,20230322093354.0,1786.03
2023-03-22 09:33:56,200,357206.0,600519.0,542478.0,901507.0,393766.0,6.0,S,1242203.0,20230322093354.0,1786.03
2023-03-22 09:33:57,1500,2681304.45,600519.0,903376.0,902701.0,394906.0,6.0,B,1245150.0,20230322093357.0,1787.5363000000002
2023-03-22 09:33:58,400,714411.0,600519.0,903413.0,904890.0,395727.0,6.0,S,1247327.0,20230322093357.0,1786.0275
2023-03-22 09:33:59,100,178602.0,600519.0,903413.0,905498.0,396206.0,6.0,S,1248356.0,20230322093357.0,1786.02
2023-03-22 09:34:00,300,535803.0,600519.0,537581.0,908017.0,397733.0,6.0,S,1252157.0,20230322093400.0,1786.01
2023-03-22 09:34:03,100,178632.0,600519.0,908108.0,912462.0,400514.0,6.0,S,1259019.0,20230322093400.0,1786.32
2023-03-22 09:34:04,600,1071445.0,600519.0,879309.0,916155.0,402955.0,6.0,S,1264761.0,20230322093403.0,1785.7416666666666
2023-03-22 09:34:05,100,178600.0,600519.0,916482.0,915009.0,403284.0,6.0,B,1265382.0,20230322093403.0,1786.0
2023-03-22 09:34:06,600,1071600.0,600519.0,920581.0,917465.0,406197.0,6.0,B,1271953.0,20230322093406.0,1786.0
2023-03-22 09:34:07,100,178600.0,600519.0,922501.0,917465.0,407390.0,6.0,B,1274938.0,20230322093406.0,1786.0
2023-03-22 09:34:08,100,178600.0,600519.0,923526.0,917465.0,407994.0,6.0,B,1276543.0,20230322093406.0,1786.0
2023-03-22 09:34:09,200,357200.0,600519.0,925832.0,926991.0,410282.0,6.0,S,1281974.0,20230322093409.0,1786.0
2023-03-22 09:34:11,400,714316.0,600519.0,929748.0,928804.0,411900.0,6.0,B,1286128.0,20230322093409.0,1785.79
2023-03-22 09:34:12,200,357116.0,600519.0,926174.0,932368.0,413660.0,6.0,S,1290300.0,20230322093412.0,1785.58
2023-03-22 09:34:13,100,178516.0,600519.0,932438.0,933224.0,414101.0,6.0,S,1291515.0,20230322093412.0,1785.16
2023-03-22 09:34:15,300,535550.0,600519.0,934871.0,937292.0,416424.0,6.0,S,1297722.0,20230322093415.0,1785.1666666666667
2023-03-22 09:34:16,100,178600.0,600519.0,938294.0,931901.0,417003.0,6.0,B,1299139.0,20230322093415.0,1786.0
2023-03-22 09:34:18,200,357018.0,600519.0,942254.0,940185.0,419255.0,6.0,B,1304983.0,20230322093418.0,1785.09
2023-03-22 09:34:19,300,535624.0,600519.0,943523.0,943799.0,420133.0,6.0,S,1307288.0,20230322093418.0,1785.4133333333334
2023-03-22 09:34:20,100,178502.0,600519.0,912099.0,943937.0,420240.0,6.0,S,1307517.0,20230322093418.0,1785.02
2023-03-22 09:34:21,200,357032.0,600519.0,946850.0,944537.0,422347.0,6.0,B,1312279.0,20230322093421.0,1785.16
2023-03-22 09:34:24,400,714019.0,600519.0,951646.0,945930.0,424860.0,6.0,B,1319413.0,20230322093424.0,1785.0475
2023-03-22 09:34:25,200,357000.0,600519.0,768003.0,953208.0,425709.0,6.0,S,1321720.0,20230322093424.0,1785.0
2023-03-22 09:34:26,300,535500.0,600519.0,953212.0,954822.0,426554.0,6.0,S,1324103.0,20230322093424.0,1785.0
2023-03-22 09:34:27,300,535516.0,600519.0,956741.0,946892.0,427721.0,6.0,B,1326908.0,20230322093427.0,1785.0533333333333
2023-03-22 09:34:29,1100,1964245.0,600519.0,959864.0,936716.0,429674.0,6.0,B,1331650.0,20230322093427.0,1785.6772727272728
2023-03-22 09:34:30,200,356984.0,600519.0,687181.0,961714.0,430687.0,6.0,S,1334385.0,20230322093430.0,1784.92
2023-03-22 09:34:31,100,178502.0,600519.0,962347.0,960589.0,431007.0,6.0,B,1335292.0,20230322093430.0,1785.02
2023-03-22 09:34:32,300,535502.0,600519.0,964482.0,964799.0,432396.0,6.0,S,1339008.0,20230322093430.0,1785.0066666666667
2023-03-22 09:34:33,100,178600.0,600519.0,965928.0,936716.0,432970.0,6.0,B,1340578.0,20230322093430.0,1786.0
2023-03-22 09:34:34,100,178470.0,600519.0,672610.0,968110.0,434244.0,6.0,S,1343900.0,20230322093433.0,1784.7
2023-03-22 09:34:35,100,178484.0,600519.0,969056.0,968979.0,434749.0,6.0,B,1345274.0,20230322093433.0,1784.84
2023-03-22 09:34:36,800,1427760.0,600519.0,971381.0,969747.0,435888.0,6.0,B,1348568.0,20230322093436.0,1784.7
2023-03-22 09:34:37,300,535452.0,600519.0,971716.0,970337.0,436078.0,6.0,B,1349057.0,20230322093436.0,1784.84
2023-03-22 09:34:39,100,178600.0,600519.0,975948.0,940143.0,438746.0,6.0,B,1355635.0,20230322093439.0,1786.0
2023-03-22 09:34:40,100,178503.0,600519.0,971920.0,976069.0,438796.0,6.0,S,1355796.0,20230322093439.0,1785.03
2023-03-22 09:34:41,100,178503.0,600519.0,971920.0,978261.0,440044.0,6.0,S,1359017.0,20230322093439.0,1785.03
2023-03-22 09:34:43,100,178505.0,600519.0,980518.0,981136.0,441766.0,6.0,S,1363213.0,20230322093442.0,1785.05
2023-03-22 09:34:44,100,178503.0,600519.0,980375.0,982017.0,442242.0,6.0,S,1364473.0,20230322093442.0,1785.03
2023-03-22 09:34:45,100,178500.0,600519.0,975913.0,984273.0,443591.0,6.0,S,1367851.0,20230322093442.0,1785.0
2023-03-22 09:34:48,400,714209.0,600519.0,989115.0,942933.0,446553.0,6.0,B,1374821.0,20230322093445.0,1785.5225
2023-03-22 09:34:49,200,357200.0,600519.0,991053.0,943390.0,447651.0,6.0,B,1377717.0,20230322093448.0,1786.0
2023-03-22 09:34:50,300,535506.0,600519.0,986107.0,992833.0,448430.0,6.0,S,1380213.0,20230322093448.0,1785.02
2023-03-22 09:34:51,1400,2500105.0,600519.0,994456.0,980616.0,449330.0,6.0,B,1382638.0,20230322093451.0,1785.7892857142858
2023-03-22 09:34:52,100,178600.09,600519.0,994579.0,994597.0,449395.0,6.0,S,1382828.0,20230322093451.0,1786.0009
2023-03-22 09:34:53,200,357200.0,600519.0,995983.0,996449.0,450373.0,6.0,S,1385468.0,20230322093451.0,1786.0
2023-03-22 09:34:54,300,535800.0,600519.0,995983.0,998175.0,451294.0,6.0,S,1387963.0,20230322093451.0,1786.0
2023-03-22 09:34:55,200,357232.0,600519.0,999615.0,935454.0,452048.0,6.0,B,1390024.0,20230322093454.0,1786.16
2023-03-22 09:34:57,200,357200.0,600519.0,999385.0,1002708.0,453823.0,6.0,S,1394636.0,20230322093457.0,1786.0
2023-03-22 09:34:58,100,178600.0,600519.0,1000746.0,1003665.0,454382.0,6.0,S,1396056.0,20230322093457.0,1786.0
2023-03-22 09:34:59,200,357203.0,600519.0,1003855.0,1005627.0,455495.0,6.0,S,1398987.0,20230322093457.0,1786.015
2023-03-22 09:35:00,200,357199.0,600519.0,998152.0,1007760.0,456755.0,6.0,S,1402218.0,20230322093500.0,1785.995
2023-03-22 09:35:01,100,178600.0,600519.0,1009571.0,1008800.0,457881.0,6.0,B,1404978.0,20230322093500.0,1786.0
2023-03-22 09:35:02,100,178599.0,600519.0,1009234.0,1010036.0,458230.0,6.0,S,1405714.0,20230322093500.0,1785.99
2023-03-22 09:35:05,100,178599.0,600519.0,1011013.0,1017756.0,462553.0,6.0,S,1416873.0,20230322093503.0,1785.99
2023-03-22 09:35:09,300,535794.0,600519.0,1026399.0,1023600.0,467576.0,6.0,B,1429768.0,20230322093509.0,1785.98
2023-03-22 09:35:11,100,178598.0,600519.0,1028730.0,1023600.0,468906.0,6.0,B,1433235.0,20230322093509.0,1785.98
2023-03-22 09:35:12,500,892749.0,600519.0,1032266.0,1023600.0,471108.0,6.0,B,1438603.0,20230322093512.0,1785.498
2023-03-22 09:35:13,100,178598.0,600519.0,1033922.0,1023600.0,472104.0,6.0,B,1441158.0,20230322093512.0,1785.98
2023-03-22 09:35:14,100,178598.0,600519.0,1034697.0,1029759.0,472634.0,6.0,B,1442385.0,20230322093512.0,1785.98
2023-03-22 09:35:15,5200,9288550.0,600519.0,1037796.0,997362.0,474703.0,6.0,B,1447197.0,20230322093515.0,1786.2596153846155
2023-03-22 09:35:16,300,536169.0,600519.0,1038469.0,1038973.0,475539.0,6.0,S,1449099.0,20230322093515.0,1787.23
2023-03-22 09:35:17,200,357400.0,600519.0,1037207.0,1040162.0,476165.0,6.0,S,1450936.0,20230322093515.0,1787.0
2023-03-22 09:35:19,500,893500.0,600519.0,1037207.0,1045023.0,478808.0,6.0,S,1458138.0,20230322093518.0,1787.0
2023-03-22 09:35:20,100,178700.0,600519.0,1037207.0,1045526.0,479111.0,6.0,S,1458938.0,20230322093518.0,1787.0
2023-03-22 09:35:22,500,893500.0,600519.0,1037207.0,1050253.0,481627.0,6.0,S,1465871.0,20230322093521.0,1787.0
2023-03-22 09:35:23,3500,6252157.0,600519.0,1038650.0,1052882.0,483070.0,6.0,S,1469767.0,20230322093521.0,1786.3305714285714
2023-03-22 09:35:24,100,178700.0,600519.0,1054828.0,1053998.0,484277.0,6.0,B,1472728.0,20230322093524.0,1787.0
2023-03-22 09:35:25,200,357303.0,600519.0,1055138.0,1055191.0,484483.0,6.0,S,1473288.0,20230322093524.0,1786.515
2023-03-22 09:35:27,1200,2145213.0,600519.0,1060059.0,1056823.0,487231.0,6.0,B,1480684.0,20230322093527.0,1787.6775
2023-03-22 09:35:28,100,178800.0,600519.0,1060059.0,1060475.0,487468.0,6.0,S,1481321.0,20230322093527.0,1788.0
2023-03-22 09:35:34,600,1072827.0,600519.0,1071066.0,904615.0,494161.0,6.0,B,1498139.0,20230322093533.0,1788.045
2023-03-22 09:35:35,700,1251610.0,600519.0,1066423.0,1072422.0,495008.0,6.0,S,1500288.0,20230322093533.0,1788.0142857142857
2023-03-22 09:35:36,500,893515.0,600519.0,1074320.0,1072422.0,496153.0,6.0,B,1503204.0,20230322093536.0,1787.03
2023-03-22 09:35:37,100,178800.0,600519.0,1075662.0,1072773.0,497037.0,6.0,B,1505431.0,20230322093536.0,1788.0
2023-03-22 09:35:39,100,178800.0,600519.0,1077649.0,1073362.0,498403.0,6.0,B,1508682.0,20230322093536.0,1788.0
2023-03-22 09:35:41,400,715004.0,600519.0,1078616.0,1080709.0,500005.0,6.0,S,1513272.0,20230322093539.0,1787.51
2023-03-22 09:35:42,100,178700.0,600519.0,1082924.0,1081423.0,501277.0,6.0,B,1516664.0,20230322093542.0,1787.0
2023-03-22 09:35:43,200,357301.0,600519.0,1075085.0,1083883.0,501990.0,6.0,S,1518292.0,20230322093542.0,1786.505
2023-03-22 09:35:47,1245,2226134.5,600519.0,1089517.0,1089952.0,505801.0,6.0,S,1527585.0,20230322093545.0,1788.0598393574296
2023-03-22 09:35:48,500,894056.0,600519.0,1091545.0,887400.0,506718.0,6.0,B,1530078.0,20230322093548.0,1788.112
2023-03-22 09:35:49,800,1430492.0,600519.0,1089517.0,1093857.0,507860.0,6.0,S,1533359.0,20230322093548.0,1788.115
2023-03-22 09:35:50,400,715243.0,600519.0,1092461.0,1095655.0,508986.0,6.0,S,1536077.0,20230322093548.0,1788.1075
2023-03-22 09:35:51,200,357613.0,600519.0,1096344.0,1097605.0,510101.0,6.0,S,1538974.0,20230322093551.0,1788.065
2023-03-22 09:35:52,100,178800.0,600519.0,1096344.0,1098215.0,510409.0,6.0,S,1539839.0,20230322093551.0,1788.0
2023-03-22 09:35:53,400,715001.0,600519.0,1088924.0,1099446.0,511180.0,6.0,S,1541681.0,20230322093551.0,1787.5025
2023-03-22 09:35:55,100,178800.0,600519.0,1103585.0,1100508.0,514065.0,6.0,B,1548311.0,20230322093554.0,1788.0
2023-03-22 09:35:56,100,178790.0,600519.0,1104415.0,1104320.0,514552.0,6.0,B,1549594.0,20230322093554.0,1787.9
2023-03-22 09:35:57,100,178700.0,600519.0,1097827.0,1106718.0,516011.0,6.0,S,1553101.0,20230322093554.0,1787.0
2023-03-22 09:36:01,100,178790.0,600519.0,1113645.0,1104320.0,520002.0,6.0,B,1563359.0,20230322093600.0,1787.9
2023-03-22 09:36:04,500,893950.0,600519.0,1119771.0,1104320.0,523560.0,6.0,B,1572624.0,20230322093603.0,1787.9
2023-03-22 09:36:05,400,715089.0,600519.0,1122166.0,1100508.0,524967.0,6.0,B,1576022.0,20230322093603.0,1787.7225
2023-03-22 09:36:06,800,1429792.0,600519.0,1124686.0,1123191.0,526573.0,6.0,B,1579979.0,20230322093606.0,1787.24
2023-03-22 09:36:07,100,178788.0,600519.0,1124843.0,1125546.0,527045.0,6.0,S,1581204.0,20230322093606.0,1787.88
2023-03-22 09:36:10,200,357418.0,600519.0,1124687.0,1133406.0,531617.0,6.0,S,1593106.0,20230322093609.0,1787.09
2023-03-22 09:36:11,1000,1787920.0,600519.0,1136120.0,1100508.0,533083.0,6.0,B,1597382.0,20230322093609.0,1787.92
2023-03-22 09:36:12,100,178709.0,600519.0,1138512.0,1136596.0,534507.0,6.0,B,1601123.0,20230322093612.0,1787.09
2023-03-22 09:36:15,200,357417.0,600519.0,1142987.0,1141711.0,537110.0,6.0,B,1607962.0,20230322093612.0,1787.085
2023-03-22 09:36:17,100,178789.0,600519.0,1146756.0,1139968.0,539309.0,6.0,B,1613751.0,20230322093615.0,1787.89
2023-03-22 09:36:21,100,178700.0,600519.0,1097827.0,1154245.0,543870.0,6.0,S,1625225.0,20230322093621.0,1787.0
2023-03-22 09:36:22,200,357400.0,600519.0,1097827.0,1154906.0,544160.0,6.0,S,1626215.0,20230322093621.0,1787.0
2023-03-22 09:36:23,100,178789.0,600519.0,1156533.0,1139968.0,545115.0,6.0,B,1628686.0,20230322093621.0,1787.89
2023-03-22 09:36:25,700,1251599.0,600519.0,1161539.0,1100508.0,548063.0,6.0,B,1636203.0,20230322093624.0,1787.9985714285715
2023-03-22 09:36:27,1700,3039600.0,600519.0,1165382.0,1165472.0,550333.0,6.0,S,1642251.0,20230322093627.0,1788.0
2023-03-22 09:36:28,400,715210.0,600519.0,1165514.0,1166905.0,551097.0,6.0,S,1644262.0,20230322093627.0,1788.025
2023-03-22 09:36:30,800,1430486.0,600519.0,1170762.0,1104542.0,553344.0,6.0,B,1650122.0,20230322093630.0,1788.1075
2023-03-22 09:36:31,400,715184.0,600519.0,1163816.0,1171677.0,553881.0,6.0,S,1651503.0,20230322093630.0,1787.96
2023-03-22 09:36:33,200,357630.0,600519.0,1175353.0,1104542.0,555827.0,6.0,B,1657024.0,20230322093633.0,1788.15
2023-03-22 09:36:34,100,178789.0,600519.0,1163816.0,1175530.0,555899.0,6.0,S,1657281.0,20230322093633.0,1787.89
2023-03-22 09:36:35,800,1430311.0,600519.0,1170775.0,1178890.0,557935.0,6.0,S,1662224.0,20230322093633.0,1787.88875
2023-03-22 09:36:36,1000,1787420.0,600519.0,1180479.0,1175868.0,558813.0,6.0,B,1664761.0,20230322093636.0,1787.42
2023-03-22 09:36:39,100,178803.0,600519.0,1185105.0,1181417.0,561293.0,6.0,B,1671746.0,20230322093639.0,1788.03
2023-03-22 09:36:41,300,536398.0,600519.0,1185122.0,1187493.0,562596.0,6.0,S,1675389.0,20230322093639.0,1787.9933333333333
2023-03-22 09:36:42,2700,4827944.0,600519.0,1189903.0,1175531.0,563880.0,6.0,B,1678838.0,20230322093642.0,1788.1274074074074
2023-03-22 09:36:43,200,357631.0,600519.0,1191193.0,884993.0,564651.0,6.0,B,1680824.0,20230322093642.0,1788.155
2023-03-22 09:36:44,200,357607.0,600519.0,1180528.0,1192323.0,565369.0,6.0,S,1682731.0,20230322093642.0,1788.035
2023-03-22 09:36:45,600,1073079.0,600519.0,1194377.0,1113439.0,566563.0,6.0,B,1685826.0,20230322093645.0,1788.465
2023-03-22 09:36:46,100,178815.0,600519.0,1193952.0,1194730.0,566810.0,6.0,S,1686387.0,20230322093645.0,1788.15
2023-03-22 09:36:47,300,536455.0,600519.0,1194384.0,1196971.0,568171.0,6.0,S,1689727.0,20230322093645.0,1788.1833333333334
2023-03-22 09:36:48,100,178870.0,600519.0,1198995.0,1113439.0,569138.0,6.0,B,1692683.0,20230322093648.0,1788.7
2023-03-22 09:36:56,100,178792.0,600519.0,1190970.0,1210595.0,576058.0,6.0,S,1710469.0,20230322093654.0,1787.92
2023-03-22 09:36:57,200,357606.0,600519.0,1212249.0,1202152.0,577006.0,6.0,B,1712850.0,20230322093657.0,1788.03
2023-03-22 09:36:58,200,357606.0,600519.0,1198876.0,1212934.0,577375.0,6.0,S,1713884.0,20230322093657.0,1788.03
2023-03-22 09:36:59,200,357584.0,600519.0,1198922.0,1215101.0,578540.0,6.0,S,1717092.0,20230322093657.0,1787.92
2023-03-22 09:37:00,100,178814.0,600519.0,1217126.0,1202152.0,579553.0,6.0,B,1719977.0,20230322093700.0,1788.14
2023-03-22 09:37:01,100,178792.0,600519.0,1198935.0,1218469.0,580354.0,6.0,S,1722023.0,20230322093700.0,1787.92
2023-03-22 09:37:02,300,536398.0,600519.0,1219585.0,1202152.0,580899.0,6.0,B,1723607.0,20230322093700.0,1787.9933333333333
2023-03-22 09:37:03,300,536397.0,600519.0,1221817.0,1202152.0,582088.0,6.0,B,1726865.0,20230322093703.0,1787.99
2023-03-22 09:37:04,400,715157.0,600519.0,1222675.0,1202152.0,582576.0,6.0,B,1728162.0,20230322093703.0,1787.8925
2023-03-22 09:37:07,200,357490.0,600519.0,1118930.0,1226867.0,584989.0,6.0,S,1734523.0,20230322093706.0,1787.45
2023-03-22 09:37:09,600,1072290.0,600519.0,1231477.0,1226192.0,587632.0,6.0,B,1741545.0,20230322093709.0,1787.15
2023-03-22 09:37:10,100,178790.0,600519.0,1231958.0,1226192.0,587953.0,6.0,B,1742340.0,20230322093709.0,1787.9
2023-03-22 09:37:11,100,178700.0,600519.0,1226858.0,1233337.0,588758.0,6.0,S,1744504.0,20230322093709.0,1787.0
2023-03-22 09:37:12,200,357400.0,600519.0,1232606.0,1236705.0,590695.0,6.0,S,1749703.0,20230322093712.0,1787.0
2023-03-22 09:37:13,100,178790.0,600519.0,1236805.0,1226192.0,590748.0,6.0,B,1749846.0,20230322093712.0,1787.9
2023-03-22 09:37:15,100,178790.0,600519.0,1241733.0,1226192.0,593400.0,6.0,B,1757404.0,20230322093715.0,1787.9
2023-03-22 09:37:16,100,178700.0,600519.0,1236977.0,1242787.0,594153.0,6.0,S,1759173.0,20230322093715.0,1787.0
2023-03-22 09:37:17,300,536100.0,600519.0,1241828.0,1244749.0,595052.0,6.0,S,1762021.0,20230322093715.0,1787.0
2023-03-22 09:37:18,100,178789.0,600519.0,1246403.0,1243327.0,596134.0,6.0,B,1764639.0,20230322093718.0,1787.89
2023-03-22 09:37:20,100,178699.0,600519.0,1227123.0,1248310.0,597191.0,6.0,S,1767350.0,20230322093718.0,1786.99
2023-03-22 09:37:22,1300,2321858.0,600519.0,1069347.0,1252204.0,599705.0,6.0,S,1773513.0,20230322093721.0,1786.0446153846153
2023-03-22 09:37:24,1400,2500599.0,600519.0,1255892.0,1255243.0,601673.0,6.0,B,1779135.0,20230322093724.0,1786.1421428571427
2023-03-22 09:37:25,1600,2857574.0,600519.0,1256955.0,1255908.0,602348.0,6.0,B,1780809.0,20230322093724.0,1785.98375
2023-03-22 09:37:27,800,1429048.0,600519.0,1260305.0,1253417.0,604107.0,6.0,B,1785859.0,20230322093727.0,1786.31
2023-03-22 09:37:28,700,1250203.0,600519.0,1261871.0,1260657.0,605019.0,6.0,B,1788273.0,20230322093727.0,1786.0042857142857
2023-03-22 09:37:30,400,714595.0,600519.0,1264829.0,1250251.0,606664.0,6.0,B,1793096.0,20230322093730.0,1786.4875
2023-03-22 09:37:32,100,178600.0,600519.0,1267069.0,1266762.0,608039.0,6.0,B,1796754.0,20230322093730.0,1786.0
2023-03-22 09:37:33,200,357380.0,600519.0,1267281.0,1269691.0,609516.0,6.0,S,1800812.0,20230322093733.0,1786.9
2023-03-22 09:37:34,400,714400.0,600519.0,1267281.0,1270982.0,610177.0,6.0,S,1802713.0,20230322093733.0,1786.0
2023-03-22 09:37:35,900,1607400.0,600519.0,1267281.0,1272600.0,611102.0,6.0,S,1805169.0,20230322093733.0,1786.0
2023-03-22 09:37:36,300,536360.0,600519.0,1274413.0,1233798.0,612122.0,6.0,B,1808131.0,20230322093736.0,1787.8666666666666
2023-03-22 09:37:37,100,178612.0,600519.0,1274353.0,1274697.0,612337.0,6.0,S,1808589.0,20230322093736.0,1786.12
2023-03-22 09:37:38,600,1071600.0,600519.0,1277319.0,1276606.0,614049.0,6.0,B,1812894.0,20230322093736.0,1786.0
2023-03-22 09:37:39,300,536080.0,600519.0,1278872.0,1276697.0,615060.0,6.0,B,1815327.0,20230322093739.0,1786.9333333333334
2023-03-22 09:37:41,1200,2145099.0,600519.0,1280903.0,1223990.0,616122.0,6.0,B,1818479.0,20230322093739.0,1787.5825
2023-03-22 09:37:42,600,1072497.0,600519.0,1283278.0,1261446.0,617495.0,6.0,B,1822062.0,20230322093742.0,1787.495
2023-03-22 09:37:47,100,178601.0,600519.0,1288998.0,1289862.0,621564.0,6.0,S,1832547.0,20230322093745.0,1786.01
2023-03-22 09:37:48,1700,3036922.0,600519.0,1292612.0,1290762.0,623127.0,6.0,B,1836543.0,20230322093748.0,1786.424705882353
2023-03-22 09:37:49,200,357199.0,600519.0,1293918.0,1293640.0,623846.0,6.0,B,1838474.0,20230322093748.0,1785.995
2023-03-22 09:37:51,100,178599.0,600519.0,1296464.0,1295925.0,625313.0,6.0,B,1842301.0,20230322093748.0,1785.99
2023-03-22 09:37:52,100,178780.0,600519.0,1297728.0,1290762.0,626042.0,6.0,B,1844258.0,20230322093751.0,1787.8
2023-03-22 09:37:55,100,178780.0,600519.0,1304060.0,1301546.0,630173.0,6.0,B,1854109.0,20230322093754.0,1787.8
2023-03-22 09:37:57,700,1250214.0,600519.0,1306889.0,1307693.0,632196.0,6.0,S,1859573.0,20230322093757.0,1786.02
2023-03-22 09:37:59,200,357394.0,600519.0,1310459.0,1310473.0,634110.0,6.0,S,1863799.0,20230322093757.0,1786.97
2023-03-22 09:38:00,400,714972.0,600519.0,1312804.0,1279924.0,635302.0,6.0,B,1867219.0,20230322093800.0,1787.43
2023-03-22 09:38:01,200,357402.0,600519.0,1314159.0,1285181.0,636045.0,6.0,B,1869117.0,20230322093800.0,1787.01
2023-03-22 09:38:03,1200,2144842.0,600519.0,1318502.0,1233527.0,638741.0,6.0,B,1875984.0,20230322093803.0,1787.3683333333333
2023-03-22 09:38:04,500,893622.0,600519.0,1318724.0,1320301.0,639900.0,6.0,S,1878867.0,20230322093803.0,1787.244
2023-03-22 09:38:05,700,1250667.0,600519.0,1319192.0,1321902.0,640804.0,6.0,S,1881424.0,20230322093803.0,1786.6671428571428
2023-03-22 09:38:06,500,894041.0,600519.0,1324126.0,1233527.0,642353.0,6.0,B,1885066.0,20230322093806.0,1788.082
2023-03-22 09:38:07,400,715242.0,600519.0,1325515.0,1233527.0,643219.0,6.0,B,1887315.0,20230322093806.0,1788.105
2023-03-22 09:38:08,1100,1965493.0,600519.0,1327530.0,1233527.0,644415.0,6.0,B,1890347.0,20230322093806.0,1786.8118181818181
2023-03-22 09:38:09,3500,6258435.0,600519.0,1329901.0,1233527.0,645895.0,6.0,B,1894015.0,20230322093809.0,1788.1242857142856
2023-03-22 09:38:10,5400,9656966.0,600519.0,1331280.0,1245773.0,646660.0,6.0,B,1896209.0,20230322093809.0,1788.3270370370371
2023-03-22 09:38:11,2900,5186000.0,600519.0,1333218.0,1332941.0,647943.0,6.0,B,1899248.0,20230322093809.0,1788.2758620689656
2023-03-22 09:38:12,4700,8407289.0,600519.0,1334886.0,1200376.0,649027.0,6.0,B,1901807.0,20230322093812.0,1788.7848936170212
2023-03-22 09:38:14,100,178900.0,600519.0,1336835.0,1336578.0,650047.0,6.0,B,1904776.0,20230322093812.0,1789.0
2023-03-22 09:38:15,600,1073490.0,600519.0,1339995.0,852021.0,652110.0,6.0,B,1909779.0,20230322093815.0,1789.15
2023-03-22 09:38:16,500,894750.0,600519.0,1340844.0,1336579.0,652683.0,6.0,B,1911119.0,20230322093815.0,1789.5
2023-03-22 09:38:17,200,357795.0,600519.0,1335250.0,1342021.0,653313.0,6.0,S,1912874.0,20230322093815.0,1788.975
2023-03-22 09:38:18,500,894649.0,600519.0,1344771.0,1344725.0,654904.0,6.0,B,1916997.0,20230322093818.0,1789.298
2023-03-22 09:38:19,500,894579.0,600519.0,1345933.0,1244397.0,655511.0,6.0,B,1918785.0,20230322093818.0,1789.158
2023-03-22 09:38:20,200,357800.0,600519.0,1347269.0,1346558.0,656235.0,6.0,B,1920866.0,20230322093818.0,1789.0
2023-03-22 09:38:21,1000,1789900.0,600519.0,1349100.0,842589.0,657371.0,6.0,B,1923714.0,20230322093821.0,1789.9
2023-03-22 09:38:22,400,715722.0,600519.0,1345091.0,1350660.0,658295.0,6.0,S,1926164.0,20230322093821.0,1789.305
2023-03-22 09:38:24,4400,7875940.0,600519.0,1354048.0,803539.0,660196.0,6.0,B,1931307.0,20230322093824.0,1789.9863636363636
2023-03-22 09:38:25,1200,2148058.0,600519.0,1354764.0,1036271.0,660614.0,6.0,B,1932361.0,20230322093824.0,1790.0483333333334
2023-03-22 09:38:26,200,358170.0,600519.0,1356840.0,821526.0,661891.0,6.0,B,1935695.0,20230322093824.0,1790.85
2023-03-22 09:38:27,100,179085.0,600519.0,1358533.0,838795.0,662718.0,6.0,B,1938215.0,20230322093827.0,1790.85
2023-03-22 09:38:28,200,358177.0,600519.0,1358859.0,1249296.0,662876.0,6.0,B,1938673.0,20230322093827.0,1790.885
2023-03-22 09:38:30,200,358197.0,600519.0,1363115.0,835096.0,665189.0,6.0,B,1945316.0,20230322093830.0,1790.985
2023-03-22 09:38:31,100,179100.0,600519.0,1363662.0,712424.0,665573.0,6.0,B,1946219.0,20230322093830.0,1791.0
2023-03-22 09:38:32,200,358200.0,600519.0,1365823.0,727229.0,666770.0,6.0,B,1949515.0,20230322093830.0,1791.0
2023-03-22 09:38:33,800,1432799.0,600519.0,1364128.0,1367599.0,667680.0,6.0,S,1952209.0,20230322093833.0,1790.99875
2023-03-22 09:38:34,1700,3044700.0,600519.0,1368431.0,1368492.0,668241.0,6.0,S,1953603.0,20230322093833.0,1791.0
2023-03-22 09:38:35,900,1611946.0,600519.0,1367460.0,1370085.0,669080.0,6.0,S,1956085.0,20230322093833.0,1791.0511111111111
2023-03-22 09:38:36,500,895861.0,600519.0,1371823.0,945239.0,670107.0,6.0,B,1958827.0,20230322093836.0,1791.722
2023-03-22 09:38:37,100,179199.0,600519.0,1371975.0,711737.0,670168.0,6.0,B,1959046.0,20230322093836.0,1791.99
2023-03-22 09:38:38,800,1433201.0,600519.0,1373510.0,1374566.0,671576.0,6.0,S,1963209.0,20230322093836.0,1791.50125
2023-03-22 09:38:39,100,179199.0,600519.0,1375585.0,1232843.0,672237.0,6.0,B,1964890.0,20230322093836.0,1791.99
2023-03-22 09:38:44,100,179193.0,600519.0,1381276.0,1383172.0,676654.0,6.0,S,1976772.0,20230322093842.0,1791.93
2023-03-22 09:38:45,200,358392.9,600519.0,1385043.0,707358.0,677559.0,6.0,B,1979528.0,20230322093845.0,1791.9645
2023-03-22 09:38:46,100,179199.0,600519.0,1386295.0,1386179.0,678224.0,6.0,B,1981380.0,20230322093845.0,1791.99
2023-03-22 09:38:47,200,358400.0,600519.0,1388013.0,743035.0,679261.0,6.0,B,1984151.0,20230322093845.0,1792.0
2023-03-22 09:38:48,600,1075192.0,600519.0,1389568.0,763094.0,680269.0,6.0,B,1986663.0,20230322093848.0,1791.9866666666667
2023-03-22 09:38:49,900,1612800.0,600519.0,1390041.0,930771.0,680617.0,6.0,B,1987465.0,20230322093848.0,1792.0
2023-03-22 09:38:50,100,179200.0,600519.0,1391680.0,966909.0,681539.0,6.0,B,1989954.0,20230322093848.0,1792.0
2023-03-22 09:38:51,200,358302.0,600519.0,1373470.0,1393701.0,682637.0,6.0,S,1993109.0,20230322093851.0,1791.51
2023-03-22 09:38:52,1300,2329600.0,600519.0,1393949.0,1107682.0,682821.0,6.0,B,1993512.0,20230322093851.0,1792.0
2023-03-22 09:38:54,3610,6469139.0,600519.0,1398880.0,884644.0,686173.0,6.0,B,2001465.0,20230322093854.0,1792.0052631578947
2023-03-22 09:38:55,5397,9675380.7,600519.0,1400848.0,659481.0,687296.0,6.0,B,2004427.0,20230322093854.0,1792.7331295163979
2023-03-22 09:38:56,600,1075800.0,600519.0,1400982.0,665972.0,687361.0,6.0,B,2004637.0,20230322093854.0,1793.0
2023-03-22 09:38:57,2600,4659846.3,600519.0,1404257.0,753673.0,689333.0,6.0,B,2009840.0,20230322093857.0,1792.2485769230768
2023-03-22 09:38:58,200,358517.0,600519.0,1404326.0,1405616.0,690051.0,6.0,S,2011911.0,20230322093857.0,1792.585
2023-03-22 09:38:59,500,896027.0,600519.0,1398307.0,1406820.0,690789.0,6.0,S,2013790.0,20230322093857.0,1792.054
2023-03-22 09:39:00,100,179299.0,600519.0,1409122.0,1408179.0,692345.0,6.0,B,2017592.0,20230322093900.0,1792.99
2023-03-22 09:39:01,800,1433623.0,600519.0,1398307.0,1410611.0,693211.0,6.0,S,2019814.0,20230322093900.0,1792.02875
2023-03-22 09:39:03,100,179217.0,600519.0,1414369.0,1412989.0,695750.0,6.0,B,2025603.0,20230322093903.0,1792.17
2023-03-22 09:39:04,100,179217.0,600519.0,1414442.0,1415922.0,696699.0,6.0,S,2028038.0,20230322093903.0,1792.17
2023-03-22 09:39:05,300,537655.0,600519.0,1418207.0,1418052.0,698165.0,6.0,B,2031686.0,20230322093903.0,1792.1833333333334
2023-03-22 09:39:06,200,358416.0,600519.0,1415244.0,1419734.0,699019.0,6.0,S,2034018.0,20230322093906.0,1792.08
2023-03-22 09:39:07,3300,5913602.0,600519.0,1410687.0,1422355.0,700529.0,6.0,S,2038346.0,20230322093906.0,1792.000606060606
2023-03-22 09:39:08,2493,4467949.0,600519.0,1372693.0,1424058.0,701652.0,6.0,S,2041278.0,20230322093906.0,1792.1977537103892
2023-03-22 09:39:09,600,1074900.0,600519.0,1426598.0,1424725.0,703185.0,6.0,B,2045284.0,20230322093909.0,1791.5
2023-03-22 09:39:10,100,179215.0,600519.0,1426930.0,1426933.0,703422.0,6.0,S,2045838.0,20230322093909.0,1792.15
2023-03-22 09:39:11,300,537647.0,600519.0,1427357.0,1429614.0,705059.0,6.0,S,2049973.0,20230322093909.0,1792.1566666666668
2023-03-22 09:39:12,100,179200.0,600519.0,1427072.0,1433053.0,707048.0,6.0,S,2055160.0,20230322093912.0,1792.0
2023-03-22 09:39:13,200,358315.0,600519.0,1434854.0,1434159.0,708203.0,6.0,B,2058064.0,20230322093912.0,1791.575
2023-03-22 09:39:14,300,537299.0,600519.0,1436931.0,1434159.0,709410.0,6.0,B,2061142.0,20230322093912.0,1790.9966666666667
2023-03-22 09:39:15,500,895500.0,600519.0,1438934.0,1434159.0,710540.0,6.0,B,2064247.0,20230322093915.0,1791.0
2023-03-22 09:39:17,200,358200.0,600519.0,1442094.0,1434159.0,712597.0,6.0,B,2069385.0,20230322093915.0,1791.0
2023-03-22 09:39:18,300,537299.0,600519.0,1444244.0,1434159.0,713809.0,6.0,B,2072618.0,20230322093918.0,1790.9966666666667
2023-03-22 09:39:20,100,179099.0,600519.0,1426691.0,1446998.0,715474.0,6.0,S,2076876.0,20230322093918.0,1790.99
2023-03-22 09:39:22,300,537422.0,600519.0,1449959.0,1435297.0,717378.0,6.0,B,2081572.0,20230322093921.0,1791.4066666666668
2023-03-22 09:39:26,200,358198.0,600519.0,1457758.0,1456072.0,722058.0,6.0,B,2093675.0,20230322093924.0,1790.99
2023-03-22 09:39:27,300,537396.0,600519.0,1458666.0,1450980.0,722458.0,6.0,B,2094995.0,20230322093924.0,1791.32
2023-03-22 09:39:28,100,179100.0,600519.0,1459141.0,1459981.0,723075.0,6.0,S,2096970.0,20230322093927.0,1791.0
2023-03-22 09:39:29,100,179111.0,600519.0,1461400.0,1462046.0,724222.0,6.0,S,2100051.0,20230322093927.0,1791.11
2023-03-22 09:39:30,300,537296.0,600519.0,1368293.0,1462440.0,724418.0,6.0,S,2100631.0,20230322093927.0,1790.9866666666667
2023-03-22 09:39:31,100,179098.0,600519.0,1444290.0,1464318.0,725681.0,6.0,S,2103627.0,20230322093930.0,1790.98
2023-03-22 09:39:34,300,537306.0,600519.0,1467101.0,1469668.0,728815.0,6.0,S,2111951.0,20230322093933.0,1791.02
2023-03-22 09:39:35,100,179098.0,600519.0,1467101.0,1470268.0,729152.0,6.0,S,2112894.0,20230322093933.0,1790.98
2023-03-22 09:39:36,300,537293.0,600519.0,1472557.0,1471183.0,730371.0,6.0,B,2116468.0,20230322093936.0,1790.9766666666667
2023-03-22 09:39:38,100,179049.0,600519.0,1457306.0,1474207.0,731127.0,6.0,S,2119030.0,20230322093936.0,1790.49
2023-03-22 09:39:39,100,179097.0,600519.0,1475726.0,1472576.0,731846.0,6.0,B,2121345.0,20230322093936.0,1790.97
2023-03-22 09:39:42,100,179097.0,600519.0,1479956.0,1472696.0,734087.0,6.0,B,2127895.0,20230322093942.0,1790.97
2023-03-22 09:39:44,100,179097.0,600519.0,1482398.0,1478294.0,735464.0,6.0,B,2131587.0,20230322093942.0,1790.97
2023-03-22 09:39:45,200,358000.0,600519.0,1470140.0,1484316.0,736587.0,6.0,S,2134571.0,20230322093945.0,1790.0
2023-03-22 09:39:46,100,179000.0,600519.0,1470140.0,1485235.0,737066.0,6.0,S,2135932.0,20230322093945.0,1790.0
2023-03-22 09:39:47,200,358000.0,600519.0,1470140.0,1487527.0,738302.0,6.0,S,2139358.0,20230322093945.0,1790.0
2023-03-22 09:39:48,100,179000.0,600519.0,1470140.0,1487793.0,738471.0,6.0,S,2139741.0,20230322093945.0,1790.0
2023-03-22 09:39:51,500,895075.0,600519.0,1470140.0,1493633.0,741496.0,6.0,S,2148615.0,20230322093951.0,1790.15
2023-03-22 09:39:52,700,1253148.0,600519.0,1494992.0,1494954.0,742208.0,6.0,B,2150692.0,20230322093951.0,1790.2114285714285
2023-03-22 09:39:53,100,178998.0,600519.0,1495920.0,1494973.0,742745.0,6.0,B,2152181.0,20230322093951.0,1789.98
2023-03-22 09:39:54,200,357898.0,600519.0,1497951.0,1494978.0,744207.0,6.0,B,2155494.0,20230322093954.0,1789.49
2023-03-22 09:39:55,100,178890.0,600519.0,1334782.0,1499606.0,745451.0,6.0,S,2158081.0,20230322093954.0,1788.9
2023-03-22 09:39:59,200,357780.0,600519.0,1497996.0,1504958.0,748565.0,6.0,S,2166515.0,20230322093957.0,1788.9
2023-03-22 09:40:00,500,894377.0,600519.0,1507312.0,1502688.0,750085.0,6.0,B,2170262.0,20230322094000.0,1788.754
2023-03-22 09:40:01,100,178700.0,600519.0,1507862.0,1507975.0,750416.0,6.0,S,2171234.0,20230322094000.0,1787.0
2023-03-22 09:40:03,400,714792.0,600519.0,1511512.0,1511788.0,752464.0,6.0,S,2177129.0,20230322094003.0,1786.98
2023-03-22 09:40:04,100,178890.0,600519.0,1513102.0,1512524.0,753326.0,6.0,B,2179245.0,20230322094003.0,1788.9
2023-03-22 09:40:07,200,357312.0,600519.0,1518067.0,1519228.0,756958.0,6.0,S,2188407.0,20230322094006.0,1786.56
2023-03-22 09:40:08,100,178657.0,600519.0,1520406.0,1520471.0,757712.0,6.0,S,2190484.0,20230322094006.0,1786.57
2023-03-22 09:40:09,100,178656.0,600519.0,1518067.0,1523182.0,759227.0,6.0,S,2194782.0,20230322094009.0,1786.56
2023-03-22 09:40:11,600,1071933.0,600519.0,1517298.0,1525530.0,760605.0,6.0,S,2198450.0,20230322094009.0,1786.555
2023-03-22 09:40:13,100,178886.0,600519.0,1529069.0,1528634.0,762523.0,6.0,B,2203931.0,20230322094012.0,1788.86
2023-03-22 09:40:17,100,178657.0,600519.0,1533522.0,1536215.0,766440.0,6.0,S,2215071.0,20230322094015.0,1786.57
2023-03-22 09:40:19,1100,1967497.0,600519.0,1538386.0,1539418.0,768284.0,6.0,S,2219968.0,20230322094018.0,1788.6336363636365
2023-03-22 09:40:20,200,357736.0,600519.0,1540504.0,1538624.0,768895.0,6.0,B,2221680.0,20230322094018.0,1788.68
2023-03-22 09:40:24,200,357314.0,600519.0,1537405.0,1547491.0,772735.0,6.0,S,2232530.0,20230322094024.0,1786.57
2023-03-22 09:40:25,100,178657.0,600519.0,1537420.0,1549584.0,773925.0,6.0,S,2235705.0,20230322094024.0,1786.57
2023-03-22 09:40:27,600,1072609.0,600519.0,1538006.0,1553421.0,775920.0,6.0,S,2241464.0,20230322094027.0,1787.6816666666666
2023-03-22 09:40:28,200,357314.0,600519.0,1542973.0,1554119.0,776244.0,6.0,S,2242457.0,20230322094027.0,1786.57
2023-03-22 09:40:29,400,715200.0,600519.0,1554287.0,1556387.0,777598.0,6.0,S,2246004.0,20230322094027.0,1788.0
2023-03-22 09:40:30,200,357769.0,600519.0,1558410.0,1516282.0,778779.0,6.0,B,2249201.0,20230322094030.0,1788.845
2023-03-22 09:40:31,100,178800.0,600519.0,1554287.0,1559486.0,779411.0,6.0,S,2250878.0,20230322094030.0,1788.0
2023-03-22 09:40:32,200,357689.0,600519.0,1554287.0,1561279.0,780574.0,6.0,S,2253760.0,20230322094030.0,1788.445
2023-03-22 09:40:33,400,715556.0,600519.0,1563474.0,1563152.0,782024.0,6.0,B,2257211.0,20230322094033.0,1788.89
2023-03-22 09:40:34,400,715581.0,600519.0,1565293.0,1554394.0,783247.0,6.0,B,2260066.0,20230322094033.0,1788.9525
2023-03-22 09:40:35,100,178892.0,600519.0,1565144.0,1566052.0,783671.0,6.0,S,2261185.0,20230322094033.0,1788.92
2023-03-22 09:40:36,700,1251358.0,600519.0,1563589.0,1567406.0,784462.0,6.0,S,2263218.0,20230322094033.0,1787.6542857142856
2023-03-22 09:40:37,100,178894.0,600519.0,1568086.0,1568918.0,785483.0,6.0,S,2265615.0,20230322094036.0,1788.94
2023-03-22 09:40:39,300,536738.0,600519.0,1568058.0,1573260.0,787858.0,6.0,S,2272262.0,20230322094039.0,1789.1266666666668
2023-03-22 09:40:42,200,357891.0,600519.0,1577490.0,1506411.0,790302.0,6.0,B,2278986.0,20230322094042.0,1789.455
2023-03-22 09:40:44,100,178890.0,600519.0,1568058.0,1580724.0,792104.0,6.0,S,2283906.0,20230322094042.0,1788.9
2023-03-22 09:40:46,100,178890.0,600519.0,1568058.0,1582736.0,793291.0,6.0,S,2286971.0,20230322094045.0,1788.9
2023-03-22 09:40:47,100,178890.0,600519.0,1582268.0,1584153.0,794059.0,6.0,S,2289131.0,20230322094045.0,1788.9
2023-03-22 09:40:48,100,178889.0,600519.0,1573482.0,1585635.0,794874.0,6.0,S,2291486.0,20230322094045.0,1788.89
2023-03-22 09:40:54,100,178889.0,600519.0,1589191.0,1593583.0,799324.0,6.0,S,2303590.0,20230322094051.0,1788.89
2023-03-22 09:40:57,100,178890.0,600519.0,1597860.0,1584207.0,801846.0,6.0,B,2310232.0,20230322094054.0,1788.9
2023-03-22 09:40:59,200,357780.0,600519.0,1600721.0,1586875.0,803368.0,6.0,B,2314483.0,20230322094057.0,1788.9
2023-03-22 09:41:00,200,357780.0,600519.0,1602853.0,1587763.0,804608.0,6.0,B,2317824.0,20230322094100.0,1788.9
2023-03-22 09:41:01,300,536485.0,600519.0,1603760.0,1604550.0,805640.0,6.0,S,2320360.0,20230322094100.0,1788.2833333333333
2023-03-22 09:41:02,100,178890.0,600519.0,1605835.0,1591382.0,806414.0,6.0,B,2322354.0,20230322094100.0,1788.9
2023-03-22 09:41:03,100,178704.0,600519.0,1590993.0,1607258.0,807232.0,6.0,S,2324558.0,20230322094103.0,1787.04
2023-03-22 09:41:04,200,357777.0,600519.0,1608590.0,1607556.0,807959.0,6.0,B,2326569.0,20230322094103.0,1788.885
2023-03-22 09:41:05,900,1608521.0,600519.0,1602312.0,1610481.0,808935.0,6.0,S,2329415.0,20230322094103.0,1787.2455555555555
2023-03-22 09:41:06,100,178880.0,600519.0,1612118.0,1610459.0,809967.0,6.0,B,2332052.0,20230322094106.0,1788.8
2023-03-22 09:41:08,200,357408.0,600519.0,1602312.0,1614415.0,811345.0,6.0,S,2335563.0,20230322094106.0,1787.04
2023-03-22 09:41:11,200,357408.0,600519.0,1602849.0,1620289.0,814734.0,6.0,S,2344656.0,20230322094109.0,1787.04
2023-03-22 09:41:12,300,536296.0,600519.0,1611243.0,1621677.0,815458.0,6.0,S,2346787.0,20230322094109.0,1787.6533333333334
2023-03-22 09:41:16,100,178889.0,600519.0,1628547.0,1607556.0,819551.0,6.0,B,2357387.0,20230322094115.0,1788.89
2023-03-22 09:41:22,100,178780.0,600519.0,1638142.0,1638040.0,825364.0,6.0,B,2372422.0,20230322094121.0,1787.8
2023-03-22 09:41:27,200,357594.0,600519.0,1645606.0,1640936.0,829751.0,6.0,B,2384270.0,20230322094127.0,1787.97
2023-03-22 09:41:32,100,178801.0,600519.0,1650622.0,1651409.0,832793.0,6.0,S,2393193.0,20230322094130.0,1788.01
2023-03-22 09:41:35,700,1251595.0,600519.0,1651424.0,1656384.0,835571.0,6.0,S,2400954.0,20230322094133.0,1787.9928571428572
2023-03-22 09:41:37,100,178880.0,600519.0,1658005.0,1640711.0,836422.0,6.0,B,2403354.0,20230322094136.0,1788.8
2023-03-22 09:41:39,100,178724.0,600519.0,1643186.0,1661862.0,838276.0,6.0,S,2409215.0,20230322094139.0,1787.24
2023-03-22 09:41:40,600,1072344.0,600519.0,1660453.0,1663042.0,838948.0,6.0,S,2411081.0,20230322094139.0,1787.24
2023-03-22 09:41:43,100,178724.0,600519.0,1664658.0,1667565.0,841596.0,6.0,S,2418122.0,20230322094142.0,1787.24
2023-03-22 09:41:44,500,893734.0,600519.0,1617176.0,1669228.0,842514.0,6.0,S,2420700.0,20230322094142.0,1787.468
2023-03-22 09:41:45,1900,3397375.0,600519.0,1670613.0,1662203.0,843194.0,6.0,B,2422889.0,20230322094145.0,1788.092105263158
2023-03-22 09:41:46,800,1430282.0,600519.0,1670634.0,1671086.0,843519.0,6.0,S,2423744.0,20230322094145.0,1787.8525
2023-03-22 09:41:47,100,178724.0,600519.0,1672207.0,1672091.0,844107.0,6.0,B,2425487.0,20230322094145.0,1787.24
2023-03-22 09:41:48,500,893569.0,600519.0,1577897.0,1674613.0,845454.0,6.0,S,2429213.0,20230322094148.0,1787.138
2023-03-22 09:41:49,1300,2323410.0,600519.0,1675813.0,1673712.0,846177.0,6.0,B,2431021.0,20230322094148.0,1787.2384615384615
2023-03-22 09:41:52,300,536400.0,600519.0,1675813.0,1679207.0,847915.0,6.0,S,2436184.0,20230322094151.0,1788.0
2023-03-22 09:41:54,2300,4113726.0,600519.0,1675813.0,1682982.0,849851.0,6.0,S,2441889.0,20230322094154.0,1788.5765217391304
2023-03-22 09:41:55,200,357756.0,600519.0,1684160.0,1682798.0,850351.0,6.0,B,2443566.0,20230322094154.0,1788.78
2023-03-22 09:41:56,100,178800.0,600519.0,1678754.0,1685194.0,850906.0,6.0,S,2445300.0,20230322094154.0,1788.0
2023-03-22 09:41:57,500,893508.0,600519.0,1687311.0,1687081.0,852158.0,6.0,B,2448710.0,20230322094157.0,1787.016
2023-03-22 09:42:05,900,1608300.0,600519.0,1689856.0,1698941.0,858742.0,6.0,S,2466726.0,20230322094203.0,1787.0
2023-03-22 09:42:06,100,178700.0,600519.0,1689856.0,1699396.0,859039.0,6.0,S,2467496.0,20230322094203.0,1787.0
2023-03-22 09:42:07,100,178798.0,600519.0,1700944.0,1698098.0,859905.0,6.0,B,2470035.0,20230322094206.0,1787.98
2023-03-22 09:42:08,100,178700.0,600519.0,1689856.0,1702681.0,860680.0,6.0,S,2472571.0,20230322094206.0,1787.0
2023-03-22 09:42:10,100,178710.0,600519.0,1705271.0,1706816.0,862802.0,6.0,S,2478951.0,20230322094209.0,1787.1
2023-03-22 09:42:11,100,178700.0,600519.0,1689856.0,1707155.0,862993.0,6.0,S,2479478.0,20230322094209.0,1787.0
2023-03-22 09:42:12,100,178701.0,600519.0,1709094.0,1709717.0,864454.0,6.0,S,2483476.0,20230322094212.0,1787.01
2023-03-22 09:42:13,700,1250900.0,600519.0,1689856.0,1710735.0,864962.0,6.0,S,2485050.0,20230322094212.0,1787.0
2023-03-22 09:42:14,100,178700.0,600519.0,1689856.0,1712968.0,866176.0,6.0,S,2488438.0,20230322094212.0,1787.0
2023-03-22 09:42:16,400,714800.0,600519.0,1691771.0,1714734.0,867025.0,6.0,S,2491113.0,20230322094215.0,1787.0
2023-03-22 09:42:17,200,357400.0,600519.0,1703093.0,1716697.0,868019.0,6.0,S,2494188.0,20230322094215.0,1787.0
2023-03-22 09:42:18,100,178778.0,600519.0,1718363.0,1714514.0,868926.0,6.0,B,2496773.0,20230322094218.0,1787.78
2023-03-22 09:42:19,200,357400.0,600519.0,1716671.0,1719471.0,869570.0,6.0,S,2498460.0,20230322094218.0,1787.0
2023-03-22 09:42:21,200,357401.0,600519.0,1716671.0,1721070.0,870427.0,6.0,S,2501053.0,20230322094218.0,1787.005
2023-03-22 09:42:23,1200,2145959.0,600519.0,1723955.0,1724439.0,872219.0,6.0,S,2506294.0,20230322094221.0,1788.2991666666667
2023-03-22 09:42:24,100,178889.0,600519.0,1726169.0,1620936.0,873156.0,6.0,B,2508916.0,20230322094224.0,1788.89
2023-03-22 09:42:27,200,357769.0,600519.0,1723955.0,1730018.0,875282.0,6.0,S,2514791.0,20230322094227.0,1788.845
2023-03-22 09:42:28,300,536640.0,600519.0,1723955.0,1731368.0,876087.0,6.0,S,2516897.0,20230322094227.0,1788.8
2023-03-22 09:42:30,1400,2504320.0,600519.0,1723955.0,1734178.0,877612.0,6.0,S,2521148.0,20230322094230.0,1788.8
2023-03-22 09:42:31,100,178889.0,600519.0,1735110.0,1665858.0,878217.0,6.0,B,2522672.0,20230322094230.0,1788.89
2023-03-22 09:42:32,400,715520.0,600519.0,1723955.0,1737052.0,879556.0,6.0,S,2525691.0,20230322094230.0,1788.8
2023-03-22 09:42:33,500,893800.0,600519.0,1738967.0,1609166.0,880586.0,6.0,B,2528577.0,20230322094233.0,1787.6
2023-03-22 09:42:35,100,178726.0,600519.0,1738484.0,1740947.0,881673.0,6.0,S,2531547.0,20230322094233.0,1787.26
2023-03-22 09:42:36,800,1429940.0,600519.0,1743178.0,1742267.0,882744.0,6.0,B,2534831.0,20230322094236.0,1787.425
2023-03-22 09:42:40,200,357521.0,600519.0,1747954.0,1748297.0,885395.0,6.0,S,2542703.0,20230322094239.0,1787.605
2023-03-22 09:42:41,100,178659.0,600519.0,1742877.0,1748599.0,885539.0,6.0,S,2543139.0,20230322094239.0,1786.59
2023-03-22 09:42:45,100,178880.0,600519.0,1754548.0,1753318.0,888793.0,6.0,B,2552493.0,20230322094245.0,1788.8
2023-03-22 09:42:46,200,357680.0,600519.0,1755365.0,1753318.0,889327.0,6.0,B,2553824.0,20230322094245.0,1788.4
2023-03-22 09:42:48,1300,2323775.0,600519.0,1742597.0,1757070.0,890197.0,6.0,S,2556396.0,20230322094245.0,1787.5192307692307
2023-03-22 09:42:49,200,357780.0,600519.0,1758582.0,1758558.0,890965.0,6.0,B,2558662.0,20230322094248.0,1788.9
2023-03-22 09:42:50,1000,1786580.0,600519.0,1742900.0,1760272.0,891976.0,6.0,S,2561435.0,20230322094248.0,1786.58
2023-03-22 09:42:51,200,357600.0,600519.0,1761524.0,1760340.0,892645.0,6.0,B,2563438.0,20230322094251.0,1788.0
2023-03-22 09:42:52,100,178658.0,600519.0,1758182.0,1762254.0,892965.0,6.0,S,2564473.0,20230322094251.0,1786.58
2023-03-22 09:42:55,200,357680.0,600519.0,1766047.0,1765930.0,895191.0,6.0,B,2570233.0,20230322094254.0,1788.4
2023-03-22 09:42:59,200,357479.0,600519.0,1769217.0,1771550.0,898481.0,6.0,S,2579204.0,20230322094257.0,1787.395
2023-03-22 09:43:00,800,1429890.0,600519.0,1773241.0,1773243.0,899354.0,6.0,S,2581822.0,20230322094300.0,1787.3625
2023-03-22 09:43:01,300,535979.0,600519.0,1760257.0,1774482.0,900027.0,6.0,S,2583727.0,20230322094300.0,1786.5966666666666
2023-03-22 09:43:02,100,178800.0,600519.0,1775087.0,1773155.0,900435.0,6.0,B,2584711.0,20230322094300.0,1788.0
2023-03-22 09:43:06,800,1429290.0,600519.0,1779127.0,1779622.0,903102.0,6.0,S,2591937.0,20230322094303.0,1786.6125
2023-03-22 09:43:10,300,535998.0,600519.0,1783023.0,1786224.0,906711.0,6.0,S,2602059.0,20230322094309.0,1786.66
2023-03-22 09:43:12,100,178758.0,600519.0,1789349.0,1781001.0,908783.0,6.0,B,2607104.0,20230322094312.0,1787.58
2023-03-22 09:43:16,100,178668.0,600519.0,1790084.0,1793240.0,911186.0,6.0,S,2613250.0,20230322094315.0,1786.68
2023-03-22 09:43:18,200,357318.0,600519.0,1780802.0,1796474.0,912946.0,6.0,S,2618242.0,20230322094318.0,1786.59
2023-03-22 09:43:20,500,893295.0,600519.0,1799128.0,1799129.0,914366.0,6.0,S,2622413.0,20230322094318.0,1786.59
2023-03-22 09:43:21,300,535975.0,600519.0,1777180.0,1800581.0,915085.0,6.0,S,2624574.0,20230322094321.0,1786.5833333333333
2023-03-22 09:43:22,100,178658.0,600519.0,1795337.0,1800721.0,915158.0,6.0,S,2624767.0,20230322094321.0,1786.58
2023-03-22 09:43:24,200,357332.0,600519.0,1804088.0,1803869.0,916640.0,6.0,B,2629751.0,20230322094324.0,1786.66
2023-03-22 09:43:27,100,178669.0,600519.0,1805203.0,1806603.0,918091.0,6.0,S,2633673.0,20230322094324.0,1786.69
2023-03-22 09:43:28,100,178730.0,600519.0,1807235.0,1807616.0,918679.0,6.0,S,2635174.0,20230322094327.0,1787.3
2023-03-22 09:43:30,100,178669.0,600519.0,1805203.0,1810863.0,920277.0,6.0,S,2640298.0,20230322094330.0,1786.69
2023-03-22 09:43:31,100,178669.0,600519.0,1807361.0,1811776.0,920815.0,6.0,S,2641723.0,20230322094330.0,1786.69
2023-03-22 09:43:32,700,1250722.0,600519.0,1802748.0,1813335.0,921719.0,6.0,S,2644172.0,20230322094330.0,1786.7457142857143
2023-03-22 09:43:33,100,178738.0,600519.0,1813846.0,1789492.0,922015.0,6.0,B,2644989.0,20230322094330.0,1787.38
2023-03-22 09:43:35,400,714718.0,600519.0,1815202.0,1816623.0,923405.0,6.0,S,2649236.0,20230322094333.0,1786.795
2023-03-22 09:43:36,100,178660.0,600519.0,1817845.0,1816623.0,924099.0,6.0,B,2651234.0,20230322094336.0,1786.6
2023-03-22 09:43:40,300,535977.0,600519.0,1819811.0,1822595.0,926859.0,6.0,S,2658567.0,20230322094339.0,1786.59
2023-03-22 09:43:41,300,535958.0,600519.0,1578602.0,1823259.0,927236.0,6.0,S,2659677.0,20230322094339.0,1786.5266666666666
2023-03-22 09:43:46,800,1429200.0,600519.0,1825037.0,1829919.0,930876.0,6.0,S,2670109.0,20230322094345.0,1786.5
2023-03-22 09:43:48,200,357316.0,600519.0,1831224.0,1831014.0,931573.0,6.0,B,2672151.0,20230322094345.0,1786.58
2023-03-22 09:43:49,100,178650.0,600519.0,1832285.0,1832422.0,932296.0,6.0,S,2674057.0,20230322094348.0,1786.5
2023-03-22 09:43:50,900,1607710.0,600519.0,1771719.0,1834494.0,933361.0,6.0,S,2677333.0,20230322094348.0,1786.3444444444444
2023-03-22 09:43:51,200,357319.0,600519.0,1835010.0,1835829.0,934037.0,6.0,S,2679353.0,20230322094351.0,1786.595
2023-03-22 09:43:52,200,357319.0,600519.0,1835368.0,1836099.0,934326.0,6.0,S,2679904.0,20230322094351.0,1786.595
2023-03-22 09:43:53,500,893307.0,600519.0,1837259.0,1821730.0,935059.0,6.0,B,2681864.0,20230322094351.0,1786.614
2023-03-22 09:43:54,100,178604.0,600519.0,1838964.0,1837560.0,935943.0,6.0,B,2684554.0,20230322094354.0,1786.04
2023-03-22 09:43:55,100,178650.0,600519.0,1840200.0,1838552.0,936726.0,6.0,B,2686477.0,20230322094354.0,1786.5
2023-03-22 09:43:56,100,178600.0,600519.0,1300455.0,1840950.0,937077.0,6.0,S,2687567.0,20230322094354.0,1786.0
2023-03-22 09:43:58,100,178650.0,600519.0,1843114.0,1838552.0,938436.0,6.0,B,2690992.0,20230322094357.0,1786.5
2023-03-22 09:44:00,400,714571.0,600519.0,1841063.0,1846243.0,940316.0,6.0,S,2695875.0,20230322094400.0,1786.4275
2023-03-22 09:44:01,300,535807.0,600519.0,1300455.0,1847550.0,940968.0,6.0,S,2697825.0,20230322094400.0,1786.0233333333333
2023-03-22 09:44:02,100,178600.0,600519.0,1300455.0,1848848.0,941801.0,6.0,S,2699994.0,20230322094400.0,1786.0
2023-03-22 09:44:03,100,178659.0,600519.0,1850373.0,1840569.0,942732.0,6.0,B,2702445.0,20230322094403.0,1786.59
2023-03-22 09:44:06,1000,1786375.0,600519.0,1854074.0,1852939.0,944921.0,6.0,B,2708234.0,20230322094406.0,1786.375
2023-03-22 09:44:07,100,178660.0,600519.0,1855369.0,1837738.0,945838.0,6.0,B,2710281.0,20230322094406.0,1786.6
2023-03-22 09:44:09,200,357321.0,600519.0,1858028.0,1857191.0,947473.0,6.0,B,2714576.0,20230322094409.0,1786.605
2023-03-22 09:44:10,2700,4822908.0,600519.0,1854070.0,1859186.0,948179.0,6.0,S,2716473.0,20230322094409.0,1786.2622222222221
2023-03-22 09:44:12,300,535926.0,600519.0,1854076.0,1862142.0,949887.0,6.0,S,2721099.0,20230322094412.0,1786.42
2023-03-22 09:44:13,200,357198.0,600519.0,1373890.0,1863112.0,950445.0,6.0,S,2722574.0,20230322094412.0,1785.99
2023-03-22 09:44:14,300,535807.0,600519.0,1865268.0,1862506.0,951873.0,6.0,B,2725971.0,20230322094412.0,1786.0233333333333
2023-03-22 09:44:15,500,893007.0,600519.0,1373890.0,1867164.0,953022.0,6.0,S,2728976.0,20230322094415.0,1786.014
2023-03-22 09:44:16,500,893101.0,600519.0,1868112.0,1867896.0,953620.0,6.0,B,2730558.0,20230322094415.0,1786.202
2023-03-22 09:44:17,100,178612.0,600519.0,1868355.0,1869508.0,954391.0,6.0,S,2732884.0,20230322094415.0,1786.12
2023-03-22 09:44:18,500,892996.0,600519.0,1373890.0,1871374.0,955398.0,6.0,S,2735791.0,20230322094418.0,1785.992
2023-03-22 09:44:19,600,1071792.0,600519.0,1869526.0,1872574.0,956135.0,6.0,S,2737722.0,20230322094418.0,1786.32
2023-03-22 09:44:21,300,535786.0,600519.0,1663826.0,1875021.0,957697.0,6.0,S,2741941.0,20230322094418.0,1785.9533333333334
2023-03-22 09:44:22,600,1071510.0,600519.0,1200420.0,1876950.0,958978.0,6.0,S,2745260.0,20230322094421.0,1785.85
2023-03-22 09:44:27,200,357067.0,600519.0,1859749.0,1884409.0,963581.0,6.0,S,2756989.0,20230322094427.0,1785.335
2023-03-22 09:44:28,100,178507.0,600519.0,1874983.0,1884949.0,963847.0,6.0,S,2757797.0,20230322094427.0,1785.07
2023-03-22 09:44:30,1300,2320592.0,600519.0,1884400.0,1887893.0,965604.0,6.0,S,2762410.0,20230322094430.0,1785.0707692307692
2023-03-22 09:44:34,2500,4462533.0,600519.0,1635121.0,1892238.0,967915.0,6.0,S,2769041.0,20230322094433.0,1785.0132
2023-03-22 09:44:35,200,357014.0,600519.0,1892935.0,1893847.0,968841.0,6.0,S,2771620.0,20230322094433.0,1785.07
2023-03-22 09:44:36,500,892515.0,600519.0,1895413.0,1894376.0,969622.0,6.0,B,2773984.0,20230322094436.0,1785.03
2023-03-22 09:44:37,900,1606483.0,600519.0,1896248.0,1896666.0,970401.0,6.0,S,2775948.0,20230322094436.0,1784.9811111111112
2023-03-22 09:44:38,100,178500.0,600519.0,1897233.0,1896666.0,970732.0,6.0,B,2776782.0,20230322094436.0,1785.0
2023-03-22 09:44:39,100,178507.0,600519.0,1899070.0,1895195.0,971708.0,6.0,B,2779655.0,20230322094439.0,1785.07
2023-03-22 09:44:40,300,535512.0,600519.0,1899851.0,1899337.0,972091.0,6.0,B,2780843.0,20230322094439.0,1785.04
2023-03-22 09:44:41,400,713880.0,600519.0,990563.0,1901219.0,972974.0,6.0,S,2783112.0,20230322094439.0,1784.7
2023-03-22 09:44:42,400,713995.0,600519.0,1902525.0,1899994.0,973626.0,6.0,B,2785128.0,20230322094442.0,1784.9875
2023-03-22 09:44:43,200,357000.0,600519.0,1903108.0,1899994.0,973853.0,6.0,B,2785983.0,20230322094442.0,1785.0
2023-03-22 09:44:44,100,178500.0,600519.0,1904186.0,1899994.0,974433.0,6.0,B,2787625.0,20230322094442.0,1785.0
2023-03-22 09:44:45,100,178500.0,600519.0,1905966.0,1901318.0,975576.0,6.0,B,2790496.0,20230322094445.0,1785.0
2023-03-22 09:44:46,300,535440.0,600519.0,1906729.0,1903830.0,976054.0,6.0,B,2791785.0,20230322094445.0,1784.8
2023-03-22 09:44:48,100,178500.0,600519.0,1908736.0,1906523.0,977149.0,6.0,B,2794873.0,20230322094445.0,1785.0
2023-03-22 09:44:49,900,1606316.0,600519.0,1910548.0,1906523.0,978030.0,6.0,B,2797470.0,20230322094448.0,1784.7955555555557
2023-03-22 09:44:50,100,178470.0,600519.0,990563.0,1911173.0,978349.0,6.0,S,2798466.0,20230322094448.0,1784.7
2023-03-22 09:44:51,100,178498.0,600519.0,1912753.0,1911883.0,979328.0,6.0,B,2801002.0,20230322094448.0,1784.98
2023-03-22 09:44:52,100,178498.0,600519.0,1913396.0,1911883.0,979690.0,6.0,B,2801982.0,20230322094451.0,1784.98
2023-03-22 09:44:54,100,178478.0,600519.0,1915938.0,1914599.0,981369.0,6.0,B,2806247.0,20230322094451.0,1784.78
2023-03-22 09:44:57,200,356956.0,600519.0,1920631.0,1919332.0,984218.0,6.0,B,2813856.0,20230322094457.0,1784.78
2023-03-22 09:44:58,400,713888.0,600519.0,1921142.0,1919332.0,984481.0,6.0,B,2814646.0,20230322094457.0,1784.72
2023-03-22 09:44:59,100,178478.0,600519.0,1921927.0,1920543.0,984863.0,6.0,B,2815790.0,20230322094457.0,1784.78
2023-03-22 09:45:00,900,1606267.0,600519.0,1913367.0,1924382.0,986340.0,6.0,S,2819492.0,20230322094500.0,1784.7411111111112
2023-03-22 09:45:01,400,714000.0,600519.0,1926085.0,1913746.0,987446.0,6.0,B,2822147.0,20230322094500.0,1785.0
2023-03-22 09:45:02,500,892210.0,600519.0,982813.0,1927282.0,988137.0,6.0,S,2823968.0,20230322094500.0,1784.42
2023-03-22 09:45:03,400,713940.0,600519.0,1929036.0,1914972.0,989186.0,6.0,B,2826703.0,20230322094503.0,1784.85
2023-03-22 09:45:04,100,178465.0,600519.0,1930270.0,1929610.0,989993.0,6.0,B,2828693.0,20230322094503.0,1784.65
2023-03-22 09:45:05,100,178500.0,600519.0,1931986.0,1920837.0,990910.0,6.0,B,2831213.0,20230322094503.0,1785.0
2023-03-22 09:45:06,1000,1784200.0,600519.0,1933986.0,1928913.0,992108.0,6.0,B,2834319.0,20230322094506.0,1784.2
2023-03-22 09:45:08,200,357007.0,600519.0,1934018.0,1936977.0,993922.0,6.0,S,2839078.0,20230322094506.0,1785.035
2023-03-22 09:45:09,100,178579.0,600519.0,1938251.0,1887058.0,994724.0,6.0,B,2841059.0,20230322094509.0,1785.79
2023-03-22 09:45:10,1800,3214477.0,600519.0,1938305.0,1939856.0,995580.0,6.0,S,2843546.0,20230322094509.0,1785.8205555555555
2023-03-22 09:45:11,100,178582.0,600519.0,1938347.0,1940713.0,996116.0,6.0,S,2844951.0,20230322094509.0,1785.82
2023-03-22 09:45:12,500,892991.0,600519.0,1943117.0,1930560.0,997332.0,6.0,B,2848423.0,20230322094512.0,1785.982
2023-03-22 09:45:13,300,535827.0,600519.0,1943152.0,1944440.0,998154.0,6.0,S,2850521.0,20230322094512.0,1786.09
2023-03-22 09:45:14,300,535884.0,600519.0,1946401.0,1865507.0,999371.0,6.0,B,2853544.0,20230322094512.0,1786.28
2023-03-22 09:45:15,400,714550.0,600519.0,1947899.0,1947149.0,1000299.0,6.0,B,2856043.0,20230322094515.0,1786.375
2023-03-22 09:45:17,100,178667.0,600519.0,1948039.0,1949654.0,1001216.0,6.0,S,2858711.0,20230322094515.0,1786.67
2023-03-22 09:45:18,200,357398.0,600519.0,1952452.0,1900822.0,1002712.0,6.0,B,2863098.0,20230322094518.0,1786.99
2023-03-22 09:45:19,100,178700.0,600519.0,1953333.0,1842399.0,1003166.0,6.0,B,2864528.0,20230322094518.0,1787.0
2023-03-22 09:45:20,100,178704.0,600519.0,1954519.0,1955340.0,1004370.0,6.0,S,2867563.0,20230322094518.0,1787.04
2023-03-22 09:45:21,200,357348.0,600519.0,1957078.0,1955512.0,1005310.0,6.0,B,2870175.0,20230322094521.0,1786.74
2023-03-22 09:45:24,600,1072110.0,600519.0,1961541.0,1961233.0,1007572.0,6.0,B,2876868.0,20230322094524.0,1786.85
2023-03-22 09:45:25,500,893282.0,600519.0,1952716.0,1962981.0,1008302.0,6.0,S,2878986.0,20230322094524.0,1786.564
2023-03-22 09:45:27,200,357294.0,600519.0,1966072.0,1962989.0,1010034.0,6.0,B,2883815.0,20230322094527.0,1786.47
2023-03-22 09:45:29,200,357300.0,600519.0,1967013.0,1968241.0,1011236.0,6.0,S,2887185.0,20230322094527.0,1786.5
2023-03-22 09:45:31,400,714509.0,600519.0,1971606.0,1963035.0,1013175.0,6.0,B,2892861.0,20230322094530.0,1786.2725
2023-03-22 09:45:32,300,535876.0,600519.0,1966109.0,1972199.0,1013517.0,6.0,S,2893794.0,20230322094530.0,1786.2533333333333
2023-03-22 09:45:33,2300,4108121.0,600519.0,1974237.0,1973625.0,1014684.0,6.0,B,2896983.0,20230322094533.0,1786.1395652173912
2023-03-22 09:45:34,200,357229.0,600519.0,1974841.0,1975256.0,1015186.0,6.0,S,2898545.0,20230322094533.0,1786.145
2023-03-22 09:45:35,200,357228.0,600519.0,1974760.0,1975716.0,1015476.0,6.0,S,2899321.0,20230322094533.0,1786.14
2023-03-22 09:45:36,800,1428982.0,600519.0,1977877.0,1964624.0,1016883.0,6.0,B,2903030.0,20230322094536.0,1786.2275
2023-03-22 09:45:37,200,357334.0,600519.0,1978125.0,1973685.0,1017051.0,6.0,B,2903448.0,20230322094536.0,1786.67
2023-03-22 09:45:40,700,1250291.0,600519.0,1983013.0,1982401.0,1019840.0,6.0,B,2910863.0,20230322094539.0,1786.13
2023-03-22 09:45:43,200,357202.0,600519.0,1983044.0,1986434.0,1021639.0,6.0,S,2916146.0,20230322094542.0,1786.01
2023-03-22 09:45:44,100,178780.0,600519.0,1987065.0,1815796.0,1021964.0,6.0,B,2917096.0,20230322094542.0,1787.8
2023-03-22 09:45:46,200,357397.0,600519.0,1989682.0,1989546.0,1023432.0,6.0,B,2921245.0,20230322094545.0,1786.985
2023-03-22 09:45:54,400,714874.0,600519.0,1999487.0,1994529.0,1028807.0,6.0,B,2936546.0,20230322094554.0,1787.185
2023-03-22 09:45:55,100,178600.0,600519.0,1974932.0,1999548.0,1028841.0,6.0,S,2936641.0,20230322094554.0,1786.0
2023-03-22 09:45:58,100,178687.0,600519.0,2004601.0,2000596.0,1032215.0,6.0,B,2944718.0,20230322094557.0,1786.87
2023-03-22 09:46:03,500,893750.0,600519.0,2012009.0,2003010.0,1036816.0,6.0,B,2956157.0,20230322094603.0,1787.5
2023-03-22 09:46:04,100,178765.0,600519.0,2013593.0,2006848.0,1037649.0,6.0,B,2958462.0,20230322094603.0,1787.65
2023-03-22 09:46:05,200,357506.0,600519.0,2012011.0,2014660.0,1038248.0,6.0,S,2960149.0,20230322094603.0,1787.53
2023-03-22 09:46:06,1000,1787584.0,600519.0,2016687.0,1994901.0,1039339.0,6.0,B,2963233.0,20230322094606.0,1787.584
2023-03-22 09:46:07,100,178785.0,600519.0,2017386.0,2017590.0,1039872.0,6.0,S,2964636.0,20230322094606.0,1787.85
2023-03-22 09:46:16,100,178800.0,600519.0,2030053.0,1775044.0,1047083.0,6.0,B,2984116.0,20230322094615.0,1788.0
2023-03-22 09:46:17,500,893960.0,600519.0,2030859.0,2031222.0,1047850.0,6.0,S,2986099.0,20230322094615.0,1787.92
2023-03-22 09:46:23,300,536400.0,600519.0,2039720.0,2037837.0,1053014.0,6.0,B,2998982.0,20230322094621.0,1788.0
2023-03-22 09:46:24,100,178833.0,600519.0,2041209.0,1996959.0,1053908.0,6.0,B,3001296.0,20230322094624.0,1788.33
2023-03-22 09:46:26,200,357636.0,600519.0,2040535.0,2043644.0,1055331.0,6.0,S,3005094.0,20230322094624.0,1788.18
2023-03-22 09:46:32,100,178800.0,600519.0,2039720.0,2050311.0,1058955.0,6.0,S,3015635.0,20230322094630.0,1788.0
2023-03-22 09:46:34,300,536400.0,600519.0,2045159.0,2053458.0,1060497.0,6.0,S,3020308.0,20230322094633.0,1788.0
2023-03-22 09:46:35,600,1072925.0,600519.0,2047617.0,2054271.0,1060875.0,6.0,S,3021568.0,20230322094633.0,1788.2083333333333
2023-03-22 09:46:36,800,1430304.0,600519.0,2055616.0,1790090.0,1061604.0,6.0,B,3023663.0,20230322094636.0,1787.88
2023-03-22 09:46:39,100,178800.0,600519.0,2058916.0,2058528.0,1063349.0,6.0,B,3028615.0,20230322094639.0,1788.0
2023-03-22 09:46:41,200,357554.0,600519.0,2030290.0,2060863.0,1064542.0,6.0,S,3031792.0,20230322094639.0,1787.77
2023-03-22 09:46:42,600,1072849.0,600519.0,2062780.0,2062817.0,1066020.0,6.0,S,3035130.0,20230322094642.0,1788.0816666666667
2023-03-22 09:46:43,400,715318.0,600519.0,2062780.0,2064218.0,1066870.0,6.0,S,3037381.0,20230322094642.0,1788.295
2023-03-22 09:46:45,100,178820.0,600519.0,2062780.0,2065790.0,1067765.0,6.0,S,3039805.0,20230322094642.0,1788.2
2023-03-22 09:46:46,200,357557.0,600519.0,2030290.0,2068129.0,1069418.0,6.0,S,3043830.0,20230322094645.0,1787.785
2023-03-22 09:46:48,400,715163.0,600519.0,2071510.0,2067073.0,1071719.0,6.0,B,3049396.0,20230322094648.0,1787.9075
2023-03-22 09:46:50,200,357399.0,600519.0,2037750.0,2073125.0,1072821.0,6.0,S,3052098.0,20230322094648.0,1786.995
2023-03-22 09:46:51,200,357508.0,600519.0,2074666.0,2075669.0,1074342.0,6.0,S,3056065.0,20230322094651.0,1787.54
2023-03-22 09:46:53,100,178793.0,600519.0,2077781.0,2076075.0,1075889.0,6.0,B,3059602.0,20230322094651.0,1787.93
2023-03-22 09:46:54,100,178754.0,600519.0,2077711.0,2079641.0,1077043.0,6.0,S,3062647.0,20230322094654.0,1787.54
2023-03-22 09:46:55,400,714495.0,600519.0,2006898.0,2080300.0,1077419.0,6.0,S,3063680.0,20230322094654.0,1786.2375
2023-03-22 09:46:57,200,357418.0,600519.0,2083954.0,2076075.0,1079614.0,6.0,B,3069313.0,20230322094657.0,1787.09
2023-03-22 09:47:01,100,178700.0,600519.0,2088143.0,2084619.0,1082207.0,6.0,B,3076091.0,20230322094700.0,1787.0
2023-03-22 09:47:02,100,178625.0,600519.0,2083259.0,2089567.0,1082917.0,6.0,S,3078306.0,20230322094700.0,1786.25
2023-03-22 09:47:06,800,1429128.0,600519.0,2075012.0,2093825.0,1085085.0,6.0,S,3085031.0,20230322094703.0,1786.41
2023-03-22 09:47:07,100,178790.0,600519.0,2094962.0,2091388.0,1085660.0,6.0,B,3086728.0,20230322094706.0,1787.9
2023-03-22 09:47:11,1500,2679552.0,600519.0,1999939.0,2100206.0,1088846.0,6.0,S,3095309.0,20230322094709.0,1786.368
2023-03-22 09:47:12,500,893987.0,600519.0,2101995.0,2101948.0,1089890.0,6.0,B,3098095.0,20230322094709.0,1787.974
2023-03-22 09:47:13,100,178803.0,600519.0,2103114.0,2074287.0,1090406.0,6.0,B,3099730.0,20230322094712.0,1788.03
2023-03-22 09:47:14,100,178800.0,600519.0,2102183.0,2104245.0,1090960.0,6.0,S,3101396.0,20230322094712.0,1788.0
2023-03-22 09:47:16,200,357458.0,600519.0,2107071.0,2106883.0,1092363.0,6.0,B,3105834.0,20230322094715.0,1787.29
2023-03-22 09:47:18,200,357316.0,600519.0,2109287.0,2106883.0,1093446.0,6.0,B,3109315.0,20230322094718.0,1786.58
2023-03-22 09:47:20,300,536122.0,600519.0,2110000.0,2111230.0,1094433.0,6.0,S,3112427.0,20230322094718.0,1787.0733333333333
2023-03-22 09:47:21,100,178802.0,600519.0,2112436.0,2108630.0,1095043.0,6.0,B,3114236.0,20230322094721.0,1788.02
2023-03-22 09:47:22,100,178802.0,600519.0,2112769.0,2108630.0,1095189.0,6.0,B,3114729.0,20230322094721.0,1788.02
2023-03-22 09:47:23,100,178803.0,600519.0,2113739.0,2074287.0,1095657.0,6.0,B,3116220.0,20230322094721.0,1788.03
2023-03-22 09:47:31,700,1250474.0,600519.0,2119924.0,2122846.0,1100873.0,6.0,S,3130889.0,20230322094730.0,1786.3914285714286
2023-03-22 09:47:32,300,535806.0,600519.0,2101901.0,2123497.0,1101230.0,6.0,S,3131859.0,20230322094730.0,1786.02
2023-03-22 09:47:33,100,178800.0,600519.0,2124492.0,2117010.0,1101768.0,6.0,B,3133406.0,20230322094730.0,1788.0
2023-03-22 09:47:34,100,178799.0,600519.0,2125453.0,2124812.0,1102205.0,6.0,B,3134774.0,20230322094733.0,1787.99
2023-03-22 09:47:36,800,1429267.0,600519.0,2128601.0,2126131.0,1103745.0,6.0,B,3139593.0,20230322094736.0,1786.58375
2023-03-22 09:47:37,100,178661.0,600519.0,2129142.0,2126131.0,1104069.0,6.0,B,3140576.0,20230322094736.0,1786.61
2023-03-22 09:47:42,100,178799.0,600519.0,2134354.0,2127746.0,1106865.0,6.0,B,3149026.0,20230322094742.0,1787.99
2023-03-22 09:47:46,400,715200.0,600519.0,2139183.0,2117010.0,1109692.0,6.0,B,3156910.0,20230322094745.0,1788.0
2023-03-22 09:47:47,100,178799.0,600519.0,2134354.0,2140499.0,1110471.0,6.0,S,3158943.0,20230322094745.0,1787.99
2023-03-22 09:47:48,100,178800.0,600519.0,2141260.0,2117010.0,1110884.0,6.0,B,3160116.0,20230322094745.0,1788.0
2023-03-22 09:47:51,200,357598.0,600519.0,2139559.0,2144468.0,1112692.0,6.0,S,3165088.0,20230322094748.0,1787.99
2023-03-22 09:47:52,300,536399.0,600519.0,2146035.0,2117010.0,1113507.0,6.0,B,3167439.0,20230322094751.0,1787.9966666666667
2023-03-22 09:47:53,500,894000.0,600519.0,2146585.0,2117010.0,1113830.0,6.0,B,3168229.0,20230322094751.0,1788.0
2023-03-22 09:47:54,300,536357.0,600519.0,2148660.0,2117010.0,1115026.0,6.0,B,3171545.0,20230322094754.0,1787.8566666666666
2023-03-22 09:47:55,800,1430398.0,600519.0,2149330.0,2124842.0,1115414.0,6.0,B,3172620.0,20230322094754.0,1787.9975
2023-03-22 09:47:56,600,1072799.0,600519.0,2150560.0,2141969.0,1116010.0,6.0,B,3174456.0,20230322094754.0,1787.9983333333332
2023-03-22 09:47:57,200,357600.0,600519.0,2151669.0,2150490.0,1116682.0,6.0,B,3176175.0,20230322094757.0,1788.0
2023-03-22 09:47:58,100,178803.0,600519.0,2151708.0,2105366.0,1116702.0,6.0,B,3176228.0,20230322094757.0,1788.03
2023-03-22 09:47:59,200,357600.0,600519.0,2152854.0,2153325.0,1117706.0,6.0,S,3178741.0,20230322094757.0,1788.0
2023-03-22 09:48:00,400,715206.0,600519.0,2155204.0,2153156.0,1118874.0,6.0,B,3181581.0,20230322094800.0,1788.015
2023-03-22 09:48:01,300,536409.0,600519.0,2152854.0,2156283.0,1119576.0,6.0,S,3183269.0,20230322094800.0,1788.03
2023-03-22 09:48:02,100,178800.0,600519.0,2152854.0,2157005.0,1120068.0,6.0,S,3184412.0,20230322094800.0,1788.0
2023-03-22 09:48:05,100,178800.0,600519.0,2152854.0,2161323.0,1122729.0,6.0,S,3191097.0,20230322094803.0,1788.0
2023-03-22 09:48:06,900,1608504.0,600519.0,2162669.0,2162603.0,1123617.0,6.0,B,3193330.0,20230322094806.0,1787.2266666666667
2023-03-22 09:48:08,100,178800.0,600519.0,2164301.0,2163867.0,1124536.0,6.0,B,3195830.0,20230322094806.0,1788.0
2023-03-22 09:48:09,100,178798.0,600519.0,2166183.0,2164578.0,1125639.0,6.0,B,3198740.0,20230322094809.0,1787.98
2023-03-22 09:48:10,100,178798.0,600519.0,2166547.0,2164578.0,1125822.0,6.0,B,3199292.0,20230322094809.0,1787.98
2023-03-22 09:48:11,100,178798.0,600519.0,2167863.0,2167069.0,1126612.0,6.0,B,3201301.0,20230322094809.0,1787.98
2023-03-22 09:48:16,200,357602.0,600519.0,2174991.0,2168644.0,1130635.0,6.0,B,3212456.0,20230322094815.0,1788.01
2023-03-22 09:48:18,300,536409.0,600519.0,2178009.0,2166880.0,1132334.0,6.0,B,3217162.0,20230322094818.0,1788.03
2023-03-22 09:48:19,200,357604.0,600519.0,2174770.0,2178614.0,1132701.0,6.0,S,3218052.0,20230322094818.0,1788.02
2023-03-22 09:48:20,800,1430828.0,600519.0,2180461.0,2173227.0,1133724.0,6.0,B,3220860.0,20230322094818.0,1788.535
2023-03-22 09:48:21,2200,3935376.0,600519.0,2181955.0,2130110.0,1134451.0,6.0,B,3223207.0,20230322094821.0,1788.8072727272727
2023-03-22 09:48:22,300,536669.0,600519.0,2182009.0,2182978.0,1135032.0,6.0,S,3224849.0,20230322094821.0,1788.8966666666668
2023-03-22 09:48:25,100,178899.0,600519.0,2186482.0,2155311.0,1137117.0,6.0,B,3230313.0,20230322094824.0,1788.99
2023-03-22 09:48:27,400,715600.0,600519.0,2189554.0,1661044.0,1139130.0,6.0,B,3235430.0,20230322094827.0,1789.0
2023-03-22 09:48:28,500,894499.0,600519.0,2189862.0,2025481.0,1139264.0,6.0,B,3235871.0,20230322094827.0,1788.998
2023-03-22 09:48:29,100,178900.0,600519.0,2190191.0,2191583.0,1140273.0,6.0,S,3238522.0,20230322094827.0,1789.0
2023-03-22 09:48:30,300,536740.0,600519.0,2193391.0,1626752.0,1141371.0,6.0,B,3241429.0,20230322094830.0,1789.1333333333334
2023-03-22 09:48:31,200,357840.0,600519.0,2193515.0,2194290.0,1141953.0,6.0,S,3242995.0,20230322094830.0,1789.2
2023-03-22 09:48:33,200,357947.0,600519.0,2196796.0,2140494.0,1143263.0,6.0,B,3246971.0,20230322094833.0,1789.735
2023-03-22 09:48:34,100,178997.0,600519.0,2197258.0,1753753.0,1143538.0,6.0,B,3247734.0,20230322094833.0,1789.97
2023-03-22 09:48:35,100,178958.0,600519.0,2196932.0,2198133.0,1143957.0,6.0,S,3249091.0,20230322094833.0,1789.58
2023-03-22 09:48:36,1800,3221249.0,600519.0,2200048.0,2040497.0,1145097.0,6.0,B,3252165.0,20230322094836.0,1789.5827777777777
2023-03-22 09:48:37,1000,1789300.0,600519.0,2199943.0,2201141.0,1145720.0,6.0,S,3254238.0,20230322094836.0,1789.3
2023-03-22 09:48:38,200,357800.0,600519.0,2201852.0,2201141.0,1146086.0,6.0,B,3255368.0,20230322094836.0,1789.0
2023-03-22 09:48:39,100,178958.0,600519.0,2203424.0,2201334.0,1146856.0,6.0,B,3257745.0,20230322094839.0,1789.58
2023-03-22 09:48:46,100,178961.0,600519.0,2203449.0,2211499.0,1151843.0,6.0,S,3270872.0,20230322094845.0,1789.61
2023-03-22 09:48:47,400,715996.0,600519.0,2212512.0,2172370.0,1152485.0,6.0,B,3272426.0,20230322094845.0,1789.99
2023-03-22 09:48:49,100,178961.0,600519.0,2209786.0,2214766.0,1153773.0,6.0,S,3275938.0,20230322094848.0,1789.61
2023-03-22 09:48:52,200,357949.0,600519.0,2217990.0,2216746.0,1155453.0,6.0,B,3280906.0,20230322094851.0,1789.745
2023-03-22 09:48:55,200,357997.0,600519.0,2221032.0,2216066.0,1157139.0,6.0,B,3285622.0,20230322094854.0,1789.985
2023-03-22 09:48:59,100,178998.0,600519.0,2223702.0,2225105.0,1159439.0,6.0,S,3291873.0,20230322094857.0,1789.98
2023-03-22 09:49:01,300,536907.0,600519.0,2206051.0,2227031.0,1160461.0,6.0,S,3294857.0,20230322094900.0,1789.69
2023-03-22 09:49:02,500,894913.0,600519.0,2227929.0,2226828.0,1161075.0,6.0,B,3296344.0,20230322094900.0,1789.826
2023-03-22 09:49:03,2900,5190876.0,600519.0,2229650.0,1671380.0,1162192.0,6.0,B,3299107.0,20230322094903.0,1789.9572413793103
2023-03-22 09:49:04,200,357998.0,600519.0,2230848.0,2229846.0,1162836.0,6.0,B,3300897.0,20230322094903.0,1789.99
2023-03-22 09:49:05,200,357988.0,600519.0,2229916.0,2231688.0,1163441.0,6.0,S,3302245.0,20230322094903.0,1789.94
2023-03-22 09:49:06,900,1610552.0,600519.0,2233855.0,2233048.0,1164815.0,6.0,B,3305579.0,20230322094906.0,1789.5022222222221
2023-03-22 09:49:07,100,179000.0,600519.0,2235075.0,1719442.0,1165492.0,6.0,B,3307470.0,20230322094906.0,1790.0
2023-03-22 09:49:08,100,179000.0,600519.0,2235564.0,1731811.0,1165763.0,6.0,B,3308241.0,20230322094906.0,1790.0
2023-03-22 09:49:09,1300,2326989.0,600519.0,2237592.0,2027981.0,1166908.0,6.0,B,3311415.0,20230322094909.0,1789.9915384615385
2023-03-22 09:49:15,200,357990.0,600519.0,2244697.0,2117705.0,1170924.0,6.0,B,3322282.0,20230322094915.0,1789.95
2023-03-22 09:49:16,700,1253000.0,600519.0,2245200.0,2240178.0,1171323.0,6.0,B,3323181.0,20230322094915.0,1790.0
2023-03-22 09:49:18,200,357980.0,600519.0,2243520.0,2247353.0,1172497.0,6.0,S,3326541.0,20230322094915.0,1789.9
2023-03-22 09:49:19,100,179003.0,600519.0,2247670.0,2248587.0,1173242.0,6.0,S,3328519.0,20230322094918.0,1790.03
2023-03-22 09:49:20,200,357990.0,600519.0,2250017.0,2249594.0,1174046.0,6.0,B,3330803.0,20230322094918.0,1789.95
2023-03-22 09:49:21,100,179006.0,600519.0,2250771.0,2249448.0,1174455.0,6.0,B,3331967.0,20230322094918.0,1790.06
2023-03-22 09:49:23,100,179050.0,600519.0,2253228.0,1883607.0,1175753.0,6.0,B,3335735.0,20230322094921.0,1790.5
2023-03-22 09:49:24,100,179021.0,600519.0,2250771.0,2253490.0,1175882.0,6.0,S,3336158.0,20230322094921.0,1790.21
2023-03-22 09:49:26,100,179021.0,600519.0,2250772.0,2255534.0,1177010.0,6.0,S,3339379.0,20230322094924.0,1790.21
2023-03-22 09:49:28,200,358042.0,600519.0,2256393.0,2258165.0,1178428.0,6.0,S,3343509.0,20230322094927.0,1790.21
2023-03-22 09:49:30,100,179014.0,600519.0,2258764.0,2260183.0,1179714.0,6.0,S,3346782.0,20230322094930.0,1790.14
2023-03-22 09:49:31,200,358042.0,600519.0,2260931.0,2260770.0,1180045.0,6.0,B,3347887.0,20230322094930.0,1790.21
2023-03-22 09:49:32,100,179014.0,600519.0,2258805.0,2261590.0,1180390.0,6.0,S,3348915.0,20230322094930.0,1790.14
2023-03-22 09:49:35,300,536999.0,600519.0,2255785.0,2265701.0,1182454.0,6.0,S,3355065.0,20230322094933.0,1789.9966666666667
2023-03-22 09:49:37,200,357990.0,600519.0,2244003.0,2267434.0,1183369.0,6.0,S,3357698.0,20230322094936.0,1789.95
2023-03-22 09:49:41,900,1611000.0,600519.0,2272000.0,2270262.0,1185796.0,6.0,B,3364684.0,20230322094939.0,1790.0
2023-03-22 09:49:42,100,179000.0,600519.0,2273372.0,2271388.0,1186565.0,6.0,B,3366830.0,20230322094942.0,1790.0
2023-03-22 09:49:43,100,179003.0,600519.0,2273400.0,2273714.0,1186743.0,6.0,S,3367359.0,20230322094942.0,1790.03
2023-03-22 09:49:44,200,358000.0,600519.0,2274462.0,2275012.0,1187482.0,6.0,S,3369327.0,20230322094942.0,1790.0
2023-03-22 09:49:45,200,358003.0,600519.0,2274462.0,2276423.0,1188321.0,6.0,S,3371532.0,20230322094945.0,1790.015
2023-03-22 09:49:46,200,358000.0,600519.0,2274462.0,2277464.0,1188943.0,6.0,S,3373152.0,20230322094945.0,1790.0
2023-03-22 09:49:49,700,1253000.0,600519.0,2278365.0,2280357.0,1190575.0,6.0,S,3377599.0,20230322094948.0,1790.0
2023-03-22 09:49:51,200,357992.0,600519.0,2244003.0,2282813.0,1191976.0,6.0,S,3381291.0,20230322094948.0,1789.96
2023-03-22 09:49:52,400,715990.0,600519.0,2244003.0,2284271.0,1192871.0,6.0,S,3383603.0,20230322094951.0,1789.975
2023-03-22 09:49:53,100,178990.0,600519.0,2244003.0,2284912.0,1193178.0,6.0,S,3384531.0,20230322094951.0,1789.9
2023-03-22 09:49:54,100,179015.0,600519.0,2287202.0,2287162.0,1194335.0,6.0,B,3388027.0,20230322094954.0,1790.15
2023-03-22 09:49:55,200,357990.0,600519.0,2244003.0,2287415.0,1194433.0,6.0,S,3388317.0,20230322094954.0,1789.95
2023-03-22 09:49:56,100,179000.0,600519.0,2288607.0,2287738.0,1195046.0,6.0,B,3390140.0,20230322094954.0,1790.0
2023-03-22 09:49:57,100,179015.0,600519.0,2289851.0,2287162.0,1195612.0,6.0,B,3392111.0,20230322094954.0,1790.15
2023-03-22 09:49:58,100,179019.0,600519.0,2290344.0,2290187.0,1195935.0,6.0,B,3392912.0,20230322094957.0,1790.19
2023-03-22 09:49:59,1400,2506244.0,600519.0,2292299.0,2280852.0,1197201.0,6.0,B,3395907.0,20230322094957.0,1790.1742857142858
2023-03-22 09:50:02,100,178990.0,600519.0,2244003.0,2295942.0,1199349.0,6.0,S,3401684.0,20230322095000.0,1789.9
2023-03-22 09:50:03,100,179000.0,600519.0,2297260.0,2296325.0,1200043.0,6.0,B,3403698.0,20230322095003.0,1790.0
2023-03-22 09:50:04,100,178990.0,600519.0,2244003.0,2297955.0,1200592.0,6.0,S,3404929.0,20230322095003.0,1789.9
2023-03-22 09:50:05,100,178990.0,600519.0,2244003.0,2299724.0,1201563.0,6.0,S,3407555.0,20230322095003.0,1789.9
2023-03-22 09:50:06,1000,1789895.0,600519.0,2248647.0,2301600.0,1202680.0,6.0,S,3410346.0,20230322095006.0,1789.895
2023-03-22 09:50:09,100,178990.0,600519.0,2305311.0,2301596.0,1204780.0,6.0,B,3416210.0,20230322095009.0,1789.9
2023-03-22 09:50:10,100,178993.0,600519.0,2305518.0,2305531.0,1204942.0,6.0,S,3416555.0,20230322095009.0,1789.93
2023-03-22 09:50:14,100,179000.0,600519.0,2311149.0,2302819.0,1208419.0,6.0,B,3425448.0,20230322095012.0,1790.0
2023-03-22 09:50:17,100,179000.0,600519.0,2311149.0,2314361.0,1210500.0,6.0,S,3430749.0,20230322095015.0,1790.0
2023-03-22 09:50:18,100,179000.0,600519.0,2311149.0,2315456.0,1211129.0,6.0,S,3432468.0,20230322095018.0,1790.0
2023-03-22 09:50:22,100,179000.0,600519.0,2311149.0,2319128.0,1213079.0,6.0,S,3438082.0,20230322095021.0,1790.0
2023-03-22 09:50:24,400,716000.0,600519.0,2311149.0,2322409.0,1214736.0,6.0,S,3443075.0,20230322095024.0,1790.0
2023-03-22 09:50:25,800,1432000.0,600519.0,2319960.0,2323356.0,1215223.0,6.0,S,3444493.0,20230322095024.0,1790.0
2023-03-22 09:50:26,300,536973.0,600519.0,2324801.0,2323356.0,1215969.0,6.0,B,3446616.0,20230322095024.0,1789.91
2023-03-22 09:50:27,200,357960.0,600519.0,2248647.0,2326184.0,1216770.0,6.0,S,3448778.0,20230322095027.0,1789.8
2023-03-22 09:50:30,300,536940.0,600519.0,2326267.0,2329255.0,1218459.0,6.0,S,3453391.0,20230322095027.0,1789.8
2023-03-22 09:50:31,600,1073523.0,600519.0,2305316.0,2330863.0,1219281.0,6.0,S,3455778.0,20230322095030.0,1789.205
2023-03-22 09:50:33,100,178906.0,600519.0,2333283.0,2330554.0,1220944.0,6.0,B,3459862.0,20230322095033.0,1789.06
2023-03-22 09:50:34,100,178891.0,600519.0,2185834.0,2333908.0,1221312.0,6.0,S,3460811.0,20230322095033.0,1788.91
2023-03-22 09:50:36,100,178906.0,600519.0,2335686.0,2330554.0,1222366.0,6.0,B,3463653.0,20230322095033.0,1789.06
2023-03-22 09:50:37,2000,3576328.0,600519.0,2231528.0,2337632.0,1223550.0,6.0,S,3466707.0,20230322095036.0,1788.164
2023-03-22 09:50:41,500,894000.0,600519.0,2231528.0,2342205.0,1225947.0,6.0,S,3473497.0,20230322095039.0,1788.0
2023-03-22 09:50:42,300,536768.0,600519.0,2342828.0,2336533.0,1226294.0,6.0,B,3474479.0,20230322095039.0,1789.2266666666667
2023-03-22 09:50:44,200,357845.0,600519.0,2344556.0,2336533.0,1227248.0,6.0,B,3477286.0,20230322095042.0,1789.225
2023-03-22 09:50:48,100,178900.0,600519.0,2350342.0,2349394.0,1230136.0,6.0,B,3486176.0,20230322095048.0,1789.0
2023-03-22 09:50:49,100,178800.0,600519.0,2231528.0,2351041.0,1230537.0,6.0,S,3487290.0,20230322095048.0,1788.0
2023-03-22 09:50:50,200,357846.0,600519.0,2352316.0,2336533.0,1231712.0,6.0,B,3489756.0,20230322095048.0,1789.23
2023-03-22 09:50:51,100,178900.0,600519.0,2352145.0,2353620.0,1232507.0,6.0,S,3491867.0,20230322095051.0,1789.0
2023-03-22 09:50:52,100,178923.0,600519.0,2353793.0,2336533.0,1232636.0,6.0,B,3492110.0,20230322095051.0,1789.23
2023-03-22 09:50:54,100,178900.0,600519.0,2352145.0,2356836.0,1234336.0,6.0,S,3496904.0,20230322095054.0,1789.0
2023-03-22 09:50:55,100,178900.0,600519.0,2354332.0,2357383.0,1234557.0,6.0,S,3497694.0,20230322095054.0,1789.0
2023-03-22 09:50:56,200,357823.0,600519.0,2358972.0,2336533.0,1235493.0,6.0,B,3500116.0,20230322095054.0,1789.115
2023-03-22 09:50:57,200,357786.0,600519.0,2356646.0,2360141.0,1236094.0,6.0,S,3501933.0,20230322095057.0,1788.93
2023-03-22 09:50:58,100,178893.0,600519.0,2359624.0,2361371.0,1236885.0,6.0,S,3503922.0,20230322095057.0,1788.93
2023-03-22 09:50:59,100,178893.0,600519.0,2360399.0,2362341.0,1237502.0,6.0,S,3505511.0,20230322095057.0,1788.93
2023-03-22 09:51:00,100,178873.0,600519.0,2364049.0,2362341.0,1238611.0,6.0,B,3508024.0,20230322095100.0,1788.73
2023-03-22 09:51:01,100,178893.0,600519.0,2364692.0,2365223.0,1239527.0,6.0,S,3510052.0,20230322095100.0,1788.93
2023-03-22 09:51:03,100,178863.0,600519.0,2366850.0,2365223.0,1240492.0,6.0,B,3512568.0,20230322095100.0,1788.63
2023-03-22 09:51:06,700,1251719.0,600519.0,2231528.0,2371219.0,1243114.0,6.0,S,3519483.0,20230322095103.0,1788.17
2023-03-22 09:51:07,100,178873.0,600519.0,2372290.0,2368566.0,1243702.0,6.0,B,3521077.0,20230322095106.0,1788.73
2023-03-22 09:51:08,100,178800.0,600519.0,2231528.0,2374057.0,1244683.0,6.0,S,3523678.0,20230322095106.0,1788.0
2023-03-22 09:51:09,200,357672.0,600519.0,2376063.0,2375994.0,1245658.0,6.0,B,3526661.0,20230322095109.0,1788.36
2023-03-22 09:51:10,100,178872.0,600519.0,2377085.0,2375994.0,1246421.0,6.0,B,3528379.0,20230322095109.0,1788.72
2023-03-22 09:51:11,200,357600.0,600519.0,2231528.0,2377954.0,1246976.0,6.0,S,3529789.0,20230322095109.0,1788.0
2023-03-22 09:51:13,400,715492.0,600519.0,2380551.0,2380856.0,1248743.0,6.0,S,3534530.0,20230322095112.0,1788.73
2023-03-22 09:51:15,200,357786.0,600519.0,2383637.0,2369426.0,1250245.0,6.0,B,3538671.0,20230322095115.0,1788.93
2023-03-22 09:51:17,100,178873.0,600519.0,2382095.0,2385369.0,1251231.0,6.0,S,3541353.0,20230322095115.0,1788.73
2023-03-22 09:51:19,200,357746.0,600519.0,2382271.0,2388246.0,1253075.0,6.0,S,3545844.0,20230322095118.0,1788.73
2023-03-22 09:51:21,100,178873.0,600519.0,2386830.0,2390295.0,1254211.0,6.0,S,3549086.0,20230322095118.0,1788.73
2023-03-22 09:51:22,200,357746.0,600519.0,2390442.0,2391295.0,1254754.0,6.0,S,3550672.0,20230322095121.0,1788.73
2023-03-22 09:51:24,100,178892.0,600519.0,2393366.0,2392125.0,1255929.0,6.0,B,3553888.0,20230322095121.0,1788.92
2023-03-22 09:51:26,2400,4291200.0,600519.0,2372500.0,2396026.0,1257342.0,6.0,S,3557885.0,20230322095124.0,1788.0
2023-03-22 09:51:27,100,178883.0,600519.0,2397070.0,2393987.0,1257868.0,6.0,B,3559465.0,20230322095127.0,1788.83
2023-03-22 09:51:28,100,178890.0,600519.0,2397423.0,2396292.0,1258058.0,6.0,B,3560005.0,20230322095127.0,1788.9
2023-03-22 09:51:30,400,715288.0,600519.0,2396617.0,2399694.0,1259260.0,6.0,S,3563613.0,20230322095130.0,1788.22
2023-03-22 09:51:33,100,178800.0,600519.0,2399343.0,2402260.0,1260838.0,6.0,S,3567708.0,20230322095130.0,1788.0
2023-03-22 09:51:34,100,178883.0,600519.0,2403080.0,2398985.0,1261207.0,6.0,B,3568904.0,20230322095133.0,1788.83
2023-03-22 09:51:36,1000,1788240.0,600519.0,2406101.0,2400395.0,1262823.0,6.0,B,3573678.0,20230322095136.0,1788.24
2023-03-22 09:51:37,100,178803.0,600519.0,2405670.0,2406316.0,1262932.0,6.0,S,3574020.0,20230322095136.0,1788.03
2023-03-22 09:51:40,100,178803.0,600519.0,2405706.0,2410166.0,1264832.0,6.0,S,3579814.0,20230322095139.0,1788.03
