SecurityID,TradingTime,TradePrice,TradeVolume,TradeValue,OrderNo,OfferNo,TradeNo,ChannelCode,SBMark,SerialNo,SendingTime
600519,2023-03-22 09:25:00.380,1780.0,100,178000.0,30271,71739,11921,6,N,92914,20230322092500
600519,2023-03-22 09:25:00.380,1780.0,100,178000.0,30271,90568,11922,6,N,92915,20230322092500
600519,2023-03-22 09:25:00.380,1780.0,100,178000.0,30271,146979,11923,6,N,92916,20230322092500
600519,2023-03-22 09:25:00.380,1780.0,200,356000.0,30271,164076,11924,6,N,92917,20230322092500
600519,2023-03-22 09:25:00.380,1780.0,300,534000.0,178599,164076,11925,6,N,92918,20230322092500
600519,2023-03-22 09:25:00.380,1780.0,100,178000.0,178599,164077,11926,6,N,92919,20230322092500
600519,2023-03-22 09:25:00.380,1780.0,100,178000.0,179351,164077,11927,6,N,92920,20230322092500
600519,2023-03-22 09:25:00.380,1780.0,100,178000.0,188600,164077,11928,6,N,92921,20230322092500
600519,2023-03-22 09:25:00.380,1780.0,100,178000.0,189395,164077,11929,6,N,92922,20230322092500
600519,2023-03-22 09:25:00.380,1780.0,100,178000.0,209525,164077,11930,6,N,92923,20230322092500
600519,2023-03-22 09:25:00.380,1780.0,100,178000.0,211025,169601,11931,6,N,92924,20230322092500
600519,2023-03-22 09:25:00.380,1780.0,100,178000.0,217503,169602,11932,6,N,92925,20230322092500
600519,2023-03-22 09:25:00.380,1780.0,100,178000.0,218308,176549,11933,6,N,92926,20230322092500
600519,2023-03-22 09:25:00.380,1780.0,100,178000.0,221765,176728,11934,6,N,92927,20230322092500
600519,2023-03-22 09:25:00.380,1780.0,100,178000.0,221776,176891,11935,6,N,92928,20230322092500
600519,2023-03-22 09:25:00.380,1780.0,100,178000.0,222682,177724,11936,6,N,92929,20230322092500
600519,2023-03-22 09:25:00.380,1780.0,100,178000.0,226842,177726,11937,6,N,92930,20230322092500
600519,2023-03-22 09:25:00.380,1780.0,100,178000.0,229044,178992,11938,6,N,92931,20230322092500
600519,2023-03-22 09:25:00.380,1780.0,100,178000.0,229044,178996,11939,6,N,92932,20230322092500
600519,2023-03-22 09:25:00.380,1780.0,100,178000.0,232664,179357,11940,6,N,92933,20230322092500
600519,2023-03-22 09:25:00.380,1780.0,100,178000.0,232664,179358,11941,6,N,92934,20230322092500
600519,2023-03-22 09:25:00.380,1780.0,100,178000.0,234576,185873,11942,6,N,92935,20230322092500
600519,2023-03-22 09:25:00.380,1780.0,100,178000.0,236367,185874,11943,6,N,92936,20230322092500
600519,2023-03-22 09:25:00.380,1780.0,100,178000.0,236367,188468,11944,6,N,92937,20230322092500
600519,2023-03-22 09:25:00.380,1780.0,100,178000.0,238850,188470,11945,6,N,92938,20230322092500
600519,2023-03-22 09:25:00.380,1780.0,100,178000.0,114481,188924,11946,6,N,92939,20230322092500
600519,2023-03-22 09:25:00.380,1780.0,100,178000.0,146234,188927,11947,6,N,92940,20230322092500
600519,2023-03-22 09:25:00.380,1780.0,100,178000.0,146234,193513,11948,6,N,92941,20230322092500
600519,2023-03-22 09:25:00.380,1780.0,100,178000.0,146529,193514,11949,6,N,92942,20230322092500
600519,2023-03-22 09:25:00.380,1780.0,300,534000.0,148440,197295,11950,6,N,92943,20230322092500
600519,2023-03-22 09:25:00.380,1780.0,100,178000.0,164084,197295,11951,6,N,92944,20230322092500
600519,2023-03-22 09:25:00.380,1780.0,100,178000.0,164084,209532,11952,6,N,92945,20230322092500
600519,2023-03-22 09:25:00.380,1780.0,100,178000.0,164084,209535,11953,6,N,92946,20230322092500
600519,2023-03-22 09:25:00.380,1780.0,100,178000.0,164084,210187,11954,6,N,92947,20230322092500
600519,2023-03-22 09:25:00.380,1780.0,100,178000.0,164084,210189,11955,6,N,92948,20230322092500
600519,2023-03-22 09:25:00.380,1780.0,100,178000.0,169256,210814,11956,6,N,92949,20230322092500
600519,2023-03-22 09:25:00.380,1780.0,100,178000.0,177725,210815,11957,6,N,92950,20230322092500
600519,2023-03-22 09:25:00.380,1780.0,100,178000.0,178993,214964,11958,6,N,92951,20230322092500
600519,2023-03-22 09:25:00.380,1780.0,100,178000.0,179355,215167,11959,6,N,92952,20230322092500
600519,2023-03-22 09:25:00.380,1780.0,100,178000.0,185441,215168,11960,6,N,92953,20230322092500
600519,2023-03-22 09:25:00.380,1780.0,100,178000.0,188471,217444,11961,6,N,92954,20230322092500
600519,2023-03-22 09:25:00.380,1780.0,100,178000.0,188925,217444,11962,6,N,92955,20230322092500
600519,2023-03-22 09:25:00.380,1780.0,100,178000.0,189811,217445,11963,6,N,92956,20230322092500
600519,2023-03-22 09:25:00.380,1780.0,100,178000.0,209533,217445,11964,6,N,92957,20230322092500
600519,2023-03-22 09:25:00.380,1780.0,100,178000.0,209533,218318,11965,6,N,92958,20230322092500
600519,2023-03-22 09:25:00.380,1780.0,100,178000.0,238681,218319,11966,6,N,92959,20230322092500
600519,2023-03-22 09:25:00.380,1780.0,100,178000.0,238702,221778,11967,6,N,92960,20230322092500
600519,2023-03-22 09:25:00.380,1780.0,100,178000.0,148100,221780,11968,6,N,92961,20230322092500
600519,2023-03-22 09:25:00.380,1780.0,100,178000.0,163706,222688,11969,6,N,92962,20230322092500
600519,2023-03-22 09:25:00.380,1780.0,100,178000.0,163706,222690,11970,6,N,92963,20230322092500
600519,2023-03-22 09:25:00.380,1780.0,100,178000.0,163706,223620,11971,6,N,92964,20230322092500
600519,2023-03-22 09:25:00.380,1780.0,100,178000.0,163706,223623,11972,6,N,92965,20230322092500
600519,2023-03-22 09:25:00.380,1780.0,100,178000.0,163706,226507,11973,6,N,92966,20230322092500
600519,2023-03-22 09:25:00.380,1780.0,100,178000.0,177723,226508,11974,6,N,92967,20230322092500
600519,2023-03-22 09:25:00.380,1780.0,100,178000.0,178732,227480,11975,6,N,92968,20230322092500
600519,2023-03-22 09:25:00.380,1780.0,100,178000.0,178994,227482,11976,6,N,92969,20230322092500
600519,2023-03-22 09:25:00.380,1780.0,100,178000.0,179356,228719,11977,6,N,92970,20230322092500
600519,2023-03-22 09:25:00.380,1780.0,100,178000.0,185443,228719,11978,6,N,92971,20230322092500
600519,2023-03-22 09:25:00.380,1780.0,100,178000.0,188469,228721,11979,6,N,92972,20230322092500
600519,2023-03-22 09:25:00.380,1780.0,100,178000.0,188926,228721,11980,6,N,92973,20230322092500
600519,2023-03-22 09:25:00.380,1780.0,100,178000.0,193512,229803,11981,6,N,92974,20230322092500
600519,2023-03-22 09:25:00.380,1780.0,100,178000.0,209519,229806,11982,6,N,92975,20230322092500
600519,2023-03-22 09:25:00.380,1780.0,100,178000.0,209531,230992,11983,6,N,92976,20230322092500
600519,2023-03-22 09:25:00.380,1780.0,100,178000.0,210188,230994,11984,6,N,92977,20230322092500
600519,2023-03-22 09:25:00.380,1780.0,100,178000.0,214517,232338,11985,6,N,92978,20230322092500
600519,2023-03-22 09:25:00.380,1780.0,100,178000.0,217443,232340,11986,6,N,92979,20230322092500
600519,2023-03-22 09:25:00.380,1780.0,100,178000.0,217443,234348,11987,6,N,92980,20230322092500
600519,2023-03-22 09:25:00.380,1780.0,100,178000.0,218321,234349,11988,6,N,92981,20230322092500
600519,2023-03-22 09:25:00.380,1780.0,200,356000.0,218439,236212,11989,6,N,92982,20230322092500
600519,2023-03-22 09:25:00.380,1780.0,100,178000.0,221779,236212,11990,6,N,92983,20230322092500
600519,2023-03-22 09:25:00.380,1780.0,100,178000.0,222689,236213,11991,6,N,92984,20230322092500
600519,2023-03-22 09:25:00.380,1780.0,100,178000.0,223621,236213,11992,6,N,92985,20230322092500
600519,2023-03-22 09:25:00.380,1780.0,100,178000.0,226497,236213,11993,6,N,92986,20230322092500
600519,2023-03-22 09:25:00.380,1780.0,100,178000.0,227481,238665,11994,6,N,92987,20230322092500
600519,2023-03-22 09:25:00.380,1780.0,100,178000.0,228720,238665,11995,6,N,92988,20230322092500
600519,2023-03-22 09:25:00.380,1780.0,100,178000.0,228803,238665,11996,6,N,92989,20230322092500
600519,2023-03-22 09:25:00.380,1780.0,200,356000.0,229805,238667,11997,6,N,92990,20230322092500
600519,2023-03-22 09:25:00.380,1780.0,100,178000.0,232293,238667,11998,6,N,92991,20230322092500
600519,2023-03-22 09:25:00.380,1780.0,100,178000.0,232339,147260,11999,6,N,92992,20230322092500
600519,2023-03-22 09:25:00.380,1780.0,100,178000.0,234341,76154,12000,6,N,92993,20230322092500
600519,2023-03-22 09:25:00.380,1780.0,100,178000.0,234341,147655,12001,6,N,92994,20230322092500
600519,2023-03-22 09:25:00.380,1780.0,100,178000.0,235047,151213,12002,6,N,92995,20230322092500
600519,2023-03-22 09:25:00.380,1780.0,100,178000.0,236214,177110,12003,6,N,92996,20230322092500
600519,2023-03-22 09:25:00.380,1780.0,93,165540.0,236214,177285,12004,6,N,92997,20230322092500
600519,2023-03-22 09:25:00.380,1780.0,7,12460.0,236214,177341,12005,6,N,92998,20230322092500
600519,2023-03-22 09:25:00.380,1780.0,93,165540.0,238453,177341,12006,6,N,92999,20230322092500
600519,2023-03-22 09:25:00.380,1780.0,7,12460.0,238453,209012,12007,6,N,93000,20230322092500
600519,2023-03-22 09:25:00.380,1780.0,93,165540.0,238666,209012,12008,6,N,93001,20230322092500
600519,2023-03-22 09:25:00.380,1780.0,100,178000.0,238666,190402,12009,6,N,93002,20230322092500
600519,2023-03-22 09:25:00.380,1780.0,100,178000.0,238666,162351,12010,6,N,93003,20230322092500
600519,2023-03-22 09:25:00.380,1780.0,7,12460.0,238666,209518,12011,6,N,93004,20230322092500
600519,2023-03-22 09:25:00.380,1780.0,93,165540.0,177099,209518,12012,6,N,93005,20230322092500
600519,2023-03-22 09:25:00.380,1780.0,7,12460.0,177099,174515,12013,6,N,93006,20230322092500
600519,2023-03-22 09:25:00.380,1780.0,93,165540.0,188459,174515,12014,6,N,93007,20230322092500
600519,2023-03-22 09:25:00.380,1780.0,7,12460.0,188459,215600,12015,6,N,93008,20230322092500
600519,2023-03-22 09:25:00.380,1780.0,93,165540.0,223279,215600,12016,6,N,93009,20230322092500
600519,2023-03-22 09:25:00.380,1780.0,7,12460.0,223279,221560,12017,6,N,93010,20230322092500
600519,2023-03-22 09:25:00.380,1780.0,93,165540.0,239511,221560,12018,6,N,93011,20230322092500
600519,2023-03-22 09:25:00.380,1780.0,7,12460.0,239511,145355,12019,6,N,93012,20230322092500
600519,2023-03-22 09:25:00.380,1780.0,100,178000.0,162578,145355,12020,6,N,93013,20230322092500
600519,2023-03-22 09:25:00.380,1780.0,3,5340.0,209027,145355,12021,6,N,93014,20230322092500
600519,2023-03-22 09:25:00.380,1780.0,100,178000.0,209027,157302,12022,6,N,93015,20230322092500
600519,2023-03-22 09:25:00.380,1780.0,100,178000.0,209027,222493,12023,6,N,93016,20230322092500
600519,2023-03-22 09:25:00.380,1780.0,200,356000.0,209027,27931,12024,6,N,93017,20230322092500
600519,2023-03-22 09:25:00.380,1780.0,97,172660.0,209027,37377,12025,6,N,93018,20230322092500
600519,2023-03-22 09:25:00.380,1780.0,3,5340.0,219862,37377,12026,6,N,93019,20230322092500
600519,2023-03-22 09:25:00.380,1780.0,100,178000.0,219862,229537,12027,6,N,93020,20230322092500
600519,2023-03-22 09:25:00.380,1780.0,100,178000.0,219862,231162,12028,6,N,93021,20230322092500
600519,2023-03-22 09:25:00.380,1780.0,97,172660.0,219862,226362,12029,6,N,93022,20230322092500
600519,2023-03-22 09:25:00.380,1780.0,100,178000.0,227285,226362,12030,6,N,93023,20230322092500
600519,2023-03-22 09:25:00.380,1780.0,3,5340.0,231947,226362,12031,6,N,93024,20230322092500
600519,2023-03-22 09:25:00.380,1780.0,100,178000.0,231947,189955,12032,6,N,93025,20230322092500
600519,2023-03-22 09:25:00.380,1780.0,97,172660.0,231947,190911,12033,6,N,93026,20230322092500
600519,2023-03-22 09:25:00.380,1780.0,3,5340.0,235723,190911,12034,6,N,93027,20230322092500
600519,2023-03-22 09:25:00.380,1780.0,97,172660.0,235723,214325,12035,6,N,93028,20230322092500
600519,2023-03-22 09:25:00.380,1780.0,3,5340.0,237915,214325,12036,6,N,93029,20230322092500
600519,2023-03-22 09:25:00.380,1780.0,97,172660.0,237915,186085,12037,6,N,93030,20230322092500
600519,2023-03-22 09:25:00.380,1780.0,3,5340.0,237389,186085,12038,6,N,93031,20230322092500
600519,2023-03-22 09:25:00.380,1780.0,97,172660.0,237389,196105,12039,6,N,93032,20230322092500
600519,2023-03-22 09:25:00.380,1780.0,100,178000.0,214458,196105,12040,6,N,93033,20230322092500
600519,2023-03-22 09:25:00.380,1780.0,3,5340.0,239461,196105,12041,6,N,93034,20230322092500
600519,2023-03-22 09:25:00.380,1780.0,100,178000.0,239461,209711,12042,6,N,93035,20230322092500
600519,2023-03-22 09:25:00.380,1780.0,97,172660.0,239461,213845,12043,6,N,93036,20230322092500
600519,2023-03-22 09:25:00.380,1780.0,3,5340.0,218707,213845,12044,6,N,93037,20230322092500
600519,2023-03-22 09:25:00.380,1780.0,97,172660.0,218707,209126,12045,6,N,93038,20230322092500
600519,2023-03-22 09:25:00.380,1780.0,3,5340.0,224354,209126,12046,6,N,93039,20230322092500
600519,2023-03-22 09:25:00.380,1780.0,97,172660.0,224354,209007,12047,6,N,93040,20230322092500
600519,2023-03-22 09:25:00.380,1780.0,3,5340.0,237883,209007,12048,6,N,93041,20230322092500
600519,2023-03-22 09:25:00.380,1780.0,297,528660.0,237883,155751,12049,6,N,93042,20230322092500
600519,2023-03-22 09:25:00.380,1780.0,100,178000.0,237890,155751,12050,6,N,93043,20230322092500
600519,2023-03-22 09:25:00.380,1780.0,100,178000.0,226212,155751,12051,6,N,93044,20230322092500
600519,2023-03-22 09:25:00.380,1780.0,100,178000.0,232488,155751,12052,6,N,93045,20230322092500
600519,2023-03-22 09:25:00.380,1780.0,603,1073340.0,220875,155751,12053,6,N,93046,20230322092500
600519,2023-03-22 09:25:00.380,1780.0,100,178000.0,220875,176156,12054,6,N,93047,20230322092500
600519,2023-03-22 09:25:00.380,1780.0,100,178000.0,220875,197762,12055,6,N,93048,20230322092500
600519,2023-03-22 09:25:00.380,1780.0,600,1068000.0,220875,228540,12056,6,N,93049,20230322092500
600519,2023-03-22 09:25:00.380,1780.0,100,178000.0,220875,229341,12057,6,N,93050,20230322092500
600519,2023-03-22 09:25:00.380,1780.0,100,178000.0,220875,216481,12058,6,N,93051,20230322092500
600519,2023-03-22 09:25:00.380,1780.0,100,178000.0,220875,229442,12059,6,N,93052,20230322092500
600519,2023-03-22 09:25:00.380,1780.0,100,178000.0,220875,226371,12060,6,N,93053,20230322092500
600519,2023-03-22 09:25:00.380,1780.0,97,172660.0,220875,236672,12061,6,N,93054,20230322092500
600519,2023-03-22 09:25:00.380,1780.0,100,178000.0,230476,236672,12062,6,N,93055,20230322092500
600519,2023-03-22 09:25:00.380,1780.0,200,356000.0,230959,236672,12063,6,N,93056,20230322092500
600519,2023-03-22 09:25:00.380,1780.0,100,178000.0,227513,236672,12064,6,N,93057,20230322092500
600519,2023-03-22 09:25:00.380,1780.0,100,178000.0,227259,236672,12065,6,N,93058,20230322092500
600519,2023-03-22 09:25:00.380,1780.0,3,5340.0,226545,236672,12066,6,N,93059,20230322092500
600519,2023-03-22 09:25:00.380,1780.0,197,350660.0,226545,227265,12067,6,N,93060,20230322092500
600519,2023-03-22 09:25:00.380,1780.0,3,5340.0,228260,227265,12068,6,N,93061,20230322092500
600519,2023-03-22 09:25:00.380,1780.0,97,172660.0,228260,195539,12069,6,N,93062,20230322092500
600519,2023-03-22 09:25:00.380,1780.0,3,5340.0,229113,195539,12070,6,N,93063,20230322092500
600519,2023-03-22 09:25:00.380,1780.0,197,350660.0,229113,231741,12071,6,N,93064,20230322092500
600519,2023-03-22 09:25:00.380,1780.0,103,183340.0,226892,231741,12072,6,N,93065,20230322092500
600519,2023-03-22 09:25:00.380,1780.0,300,534000.0,226892,233288,12073,6,N,93066,20230322092500
600519,2023-03-22 09:25:00.380,1780.0,100,178000.0,226892,185019,12074,6,N,93067,20230322092500
600519,2023-03-22 09:25:00.380,1780.0,100,178000.0,226892,151913,12075,6,N,93068,20230322092500
600519,2023-03-22 09:25:00.380,1780.0,100,178000.0,226892,174064,12076,6,N,93069,20230322092500
600519,2023-03-22 09:25:00.380,1780.0,100,178000.0,226892,223281,12077,6,N,93070,20230322092500
600519,2023-03-22 09:25:00.380,1780.0,100,178000.0,226892,223858,12078,6,N,93071,20230322092500
600519,2023-03-22 09:25:00.380,1780.0,100,178000.0,226892,228824,12079,6,N,93072,20230322092500
600519,2023-03-22 09:25:00.380,1780.0,100,178000.0,226892,233465,12080,6,N,93073,20230322092500
600519,2023-03-22 09:25:00.380,1780.0,97,172660.0,226892,234702,12081,6,N,93074,20230322092500
600519,2023-03-22 09:25:00.380,1780.0,3,5340.0,231917,234702,12082,6,N,93075,20230322092500
600519,2023-03-22 09:25:00.380,1780.0,297,528660.0,231917,235758,12083,6,N,93076,20230322092500
600519,2023-03-22 09:25:00.380,1780.0,100,178000.0,169106,235758,12084,6,N,93077,20230322092500
600519,2023-03-22 09:25:00.380,1780.0,403,717340.0,217350,235758,12085,6,N,93078,20230322092500
600519,2023-03-22 09:25:00.380,1780.0,100,178000.0,217350,236257,12086,6,N,93079,20230322092500
600519,2023-03-22 09:25:00.380,1780.0,200,356000.0,217350,236599,12087,6,N,93080,20230322092500
600519,2023-03-22 09:30:00.030,1781.0,200,356200.0,241276,18780,29387,6,B,276951,20230322092957
600519,2023-03-22 09:30:00.030,1781.0,400,712400.0,241276,101790,29388,6,B,276952,20230322092957
600519,2023-03-22 09:30:00.030,1781.0,100,178100.0,241276,192098,29389,6,B,276953,20230322092957
600519,2023-03-22 09:30:00.030,1782.0,100,178200.0,241276,178447,29390,6,B,276954,20230322092957
600519,2023-03-22 09:30:00.060,1782.0,100,178200.0,241276,241396,29653,6,S,277334,20230322092957
600519,2023-03-22 09:30:00.140,1782.0,100,178200.0,241735,241409,30126,6,B,278094,20230322092957
600519,2023-03-22 09:30:00.140,1782.0,100,178200.0,241735,241465,30127,6,B,278095,20230322092957
600519,2023-03-22 09:30:00.140,1782.0,100,178200.0,241735,241487,30128,6,B,278096,20230322092957
600519,2023-03-22 09:30:00.140,1782.0,900,1603800.0,241735,241790,30162,6,S,278183,20230322092957
600519,2023-03-22 09:30:00.140,1781.0,2200,3918200.0,241804,241790,30164,6,B,278199,20230322092957
600519,2023-03-22 09:30:00.140,1782.9,100,178290.0,241804,228150,30165,6,B,278200,20230322092957
600519,2023-03-22 09:30:00.140,1783.43,100,178343.0,241804,134027,30166,6,B,278201,20230322092957
600519,2023-03-22 09:30:00.140,1783.98,300,535194.0,241804,227528,30167,6,B,278202,20230322092957
600519,2023-03-22 09:30:00.140,1784.0,200,356800.0,241804,136060,30168,6,B,278203,20230322092957
600519,2023-03-22 09:30:00.140,1784.0,100,178400.0,241804,219691,30169,6,B,278204,20230322092957
600519,2023-03-22 09:30:00.140,1784.8,100,178480.0,241804,224672,30170,6,B,278205,20230322092957
600519,2023-03-22 09:30:00.140,1784.89,100,178489.0,241804,171650,30171,6,B,278206,20230322092957
600519,2023-03-22 09:30:00.140,1784.91,100,178491.0,241804,172113,30172,6,B,278207,20230322092957
600519,2023-03-22 09:30:00.140,1784.95,100,178495.0,241804,168607,30173,6,B,278208,20230322092957
600519,2023-03-22 09:30:00.140,1784.98,100,178498.0,241804,190340,30174,6,B,278209,20230322092957
600519,2023-03-22 09:30:00.140,1785.0,100,178500.0,241804,18145,30175,6,B,278210,20230322092957
600519,2023-03-22 09:30:00.140,1785.0,100,178500.0,241804,90770,30176,6,B,278211,20230322092957
600519,2023-03-22 09:30:00.140,1785.0,200,357000.0,241804,180673,30177,6,B,278212,20230322092957
600519,2023-03-22 09:30:00.140,1785.0,100,178500.0,241804,191723,30178,6,B,278213,20230322092957
600519,2023-03-22 09:30:00.140,1785.0,100,178500.0,241804,193867,30179,6,B,278214,20230322092957
600519,2023-03-22 09:30:00.140,1785.0,100,178500.0,241804,194012,30180,6,B,278215,20230322092957
600519,2023-03-22 09:30:00.140,1785.0,100,178500.0,241804,236590,30181,6,B,278216,20230322092957
600519,2023-03-22 09:30:00.180,1785.0,100,178500.0,241804,241900,30247,6,S,278372,20230322092957
600519,2023-03-22 09:30:00.310,1785.0,600,1071000.0,241804,243321,31271,6,S,280588,20230322092957
600519,2023-03-22 09:30:00.310,1780.15,100,178015.0,241069,243321,31272,6,S,280589,20230322092957
600519,2023-03-22 09:30:00.310,1780.15,100,178015.0,241332,243321,31273,6,S,280590,20230322092957
600519,2023-03-22 09:30:00.310,1780.0,200,356000.0,217350,243321,31274,6,S,280591,20230322092957
600519,2023-03-22 09:30:00.360,1781.0,100,178100.0,244033,244464,31634,6,S,281999,20230322092957
600519,2023-03-22 09:30:00.440,1781.0,100,178100.0,244380,244608,31702,6,S,282205,20230322092957
600519,2023-03-22 09:30:00.960,1780.0,97,172660.0,217350,246188,32299,6,S,284258,20230322093000
600519,2023-03-22 09:30:00.960,1780.0,100,178000.0,223913,246188,32300,6,S,284259,20230322093000
600519,2023-03-22 09:30:00.960,1780.0,3,5340.0,225380,246188,32301,6,S,284260,20230322093000
600519,2023-03-22 09:30:01.110,1780.0,97,172660.0,225380,248395,32972,6,S,286986,20230322093000
600519,2023-03-22 09:30:01.110,1780.0,3,5340.0,227163,248395,32973,6,S,286987,20230322093000
600519,2023-03-22 09:30:01.210,1780.0,100,178000.0,227163,249164,33208,6,S,287945,20230322093000
600519,2023-03-22 09:30:01.340,1780.0,97,172660.0,227163,250439,33594,6,S,289458,20230322093000
600519,2023-03-22 09:30:01.340,1780.0,100,178000.0,228439,250439,33595,6,S,289459,20230322093000
600519,2023-03-22 09:30:01.340,1780.0,100,178000.0,229915,250439,33596,6,S,289460,20230322093000
600519,2023-03-22 09:30:01.340,1780.0,100,178000.0,241835,250439,33597,6,S,289461,20230322093000
600519,2023-03-22 09:30:01.340,1780.0,3,5340.0,250949,250439,33732,6,B,290046,20230322093000
600519,2023-03-22 09:30:01.340,1781.0,97,172757.0,250949,251002,33739,6,S,290106,20230322093000
600519,2023-03-22 09:30:01.620,1779.0,100,177900.0,188391,253826,34534,6,S,293489,20230322093000
600519,2023-03-22 09:30:01.620,1779.98,100,177998.0,255526,252926,35034,6,B,295513,20230322093000
600519,2023-03-22 09:30:01.890,1780.5,3,5341.5,258268,251002,36018,6,B,298942,20230322093000
600519,2023-03-22 09:30:01.890,1780.99,97,172756.03,258268,256801,36019,6,B,298943,20230322093000
600519,2023-03-22 09:30:02.170,1780.0,100,178000.0,261367,260308,37002,6,B,302690,20230322093000
600519,2023-03-22 09:30:02.630,1780.0,100,178000.0,266580,260308,38929,6,B,309256,20230322093003
600519,2023-03-22 09:30:02.630,1780.0,100,178000.0,266723,260308,38969,6,B,309429,20230322093003
600519,2023-03-22 09:30:02.630,1780.0,100,178000.0,267211,260308,39125,6,B,310026,20230322093003
600519,2023-03-22 09:30:02.910,1780.0,100,178000.0,270889,263528,40232,6,B,314461,20230322093003
600519,2023-03-22 09:30:03.190,1780.0,100,178000.0,275426,263528,41663,6,B,319911,20230322093003
600519,2023-03-22 09:30:03.350,1780.0,100,178000.0,276352,263797,41921,6,B,320985,20230322093003
600519,2023-03-22 09:30:03.590,1780.0,100,178000.0,280114,263797,43080,6,B,325588,20230322093003
600519,2023-03-22 09:30:03.590,1780.0,100,178000.0,280129,269891,43085,6,B,325605,20230322093003
600519,2023-03-22 09:30:03.880,1780.0,100,178000.0,282535,272733,43904,6,B,328658,20230322093003
600519,2023-03-22 09:30:03.880,1780.0,100,178000.0,283187,274051,44079,6,B,329416,20230322093003
600519,2023-03-22 09:30:04.030,1780.99,100,178099.0,284382,256801,44413,6,B,330821,20230322093003
600519,2023-03-22 09:30:04.030,1780.99,100,178099.0,285372,256801,44664,6,B,331968,20230322093003
600519,2023-03-22 09:30:04.170,1780.0,100,178000.0,283410,286117,44885,6,S,332853,20230322093003
600519,2023-03-22 09:30:04.170,1780.99,100,178099.0,286583,256801,45009,6,B,333393,20230322093003
600519,2023-03-22 09:30:04.170,1780.99,203,361540.97,286783,256801,45062,6,B,333624,20230322093003
600519,2023-03-22 09:30:04.170,1780.99,97,172756.03,286783,257588,45063,6,B,333625,20230322093003
600519,2023-03-22 09:30:04.320,1780.99,100,178099.0,288719,257588,45597,6,B,335872,20230322093003
600519,2023-03-22 09:30:04.320,1780.0,100,178000.0,283410,289055,45682,6,S,336277,20230322093003
600519,2023-03-22 09:30:04.450,1780.0,200,356000.0,283410,289827,45857,6,S,337171,20230322093003
600519,2023-03-22 09:30:04.450,1780.99,3,5342.97,290530,257588,46087,6,B,338005,20230322093003
600519,2023-03-22 09:30:04.450,1780.99,97,172756.03,290530,259110,46088,6,B,338006,20230322093003
600519,2023-03-22 09:30:04.610,1780.99,3,5342.97,292431,259110,46788,6,B,340319,20230322093003
600519,2023-03-22 09:30:04.610,1780.99,97,172756.03,292431,260055,46789,6,B,340320,20230322093003
600519,2023-03-22 09:30:04.740,1780.0,100,178000.0,283410,294612,47500,6,S,342915,20230322093003
600519,2023-03-22 09:30:04.900,1780.0,100,178000.0,289239,296487,48012,6,S,345066,20230322093006
600519,2023-03-22 09:30:04.900,1779.01,100,177901.0,293854,296487,48013,6,S,345067,20230322093006
600519,2023-03-22 09:30:04.900,1779.0,200,355800.0,188391,296554,48048,6,S,345153,20230322093006
600519,2023-03-22 09:30:05.040,1780.99,3,5342.97,298421,260055,48646,6,B,347487,20230322093006
600519,2023-03-22 09:30:05.040,1780.99,97,172756.03,298421,264391,48647,6,B,347488,20230322093006
600519,2023-03-22 09:30:05.180,1780.99,100,178099.0,298878,264391,48821,6,B,348066,20230322093006
600519,2023-03-22 09:30:05.180,1780.99,3,5342.97,299084,264391,48862,6,B,348301,20230322093006
600519,2023-03-22 09:30:05.180,1780.99,97,172756.03,299084,286886,48863,6,B,348302,20230322093006
600519,2023-03-22 09:30:05.180,1780.0,100,178000.0,297190,300443,49254,6,S,349928,20230322093006
600519,2023-03-22 09:30:05.760,1780.99,3,5342.97,306283,286886,51077,6,B,356952,20230322093006
600519,2023-03-22 09:30:05.760,1780.99,100,178099.0,306283,296561,51078,6,B,356953,20230322093006
600519,2023-03-22 09:30:05.760,1781.0,97,172757.0,306283,286830,51079,6,B,356954,20230322093006
600519,2023-03-22 09:30:05.760,1781.0,3,5343.0,307172,286830,51377,6,B,358013,20230322093006
600519,2023-03-22 09:30:05.760,1781.9,97,172844.3,307172,298190,51378,6,B,358014,20230322093006
600519,2023-03-22 09:30:06.050,1779.01,100,177901.0,310067,310478,52470,6,S,362069,20230322093006
600519,2023-03-22 09:30:06.050,1778.0,200,355600.0,213938,310478,52471,6,S,362070,20230322093006
600519,2023-03-22 09:30:06.100,1777.98,100,177798.0,311374,310478,52809,6,B,363150,20230322093006
600519,2023-03-22 09:30:06.250,1777.98,100,177798.0,313924,310478,53703,6,B,366250,20230322093006
600519,2023-03-22 09:30:06.570,1777.98,100,177798.0,316592,310478,54750,6,B,369638,20230322093006
600519,2023-03-22 09:30:06.570,1777.98,100,177798.0,317054,310478,54912,6,B,370219,20230322093006
600519,2023-03-22 09:30:06.570,1777.98,100,177798.0,317392,310478,55055,6,B,370640,20230322093006
600519,2023-03-22 09:30:06.700,1777.98,100,177798.0,319198,310478,55600,6,B,372724,20230322093006
600519,2023-03-22 09:30:06.840,1777.98,100,177798.0,320119,310478,55849,6,B,373822,20230322093006
600519,2023-03-22 09:30:06.840,1779.0,100,177900.0,320629,319895,55941,6,B,374381,20230322093006
600519,2023-03-22 09:30:06.840,1779.0,100,177900.0,320778,320248,55968,6,B,374545,20230322093006
600519,2023-03-22 09:30:06.840,1779.0,100,177900.0,321009,320267,56009,6,B,374811,20230322093006
600519,2023-03-22 09:30:06.990,1780.0,100,178000.0,323114,309557,56679,6,B,377324,20230322093006
600519,2023-03-22 09:30:07.300,1779.97,100,177997.0,324175,325728,57514,6,S,380506,20230322093009
600519,2023-03-22 09:30:07.450,1779.99,100,177999.0,327091,327088,58075,6,B,382257,20230322093009
600519,2023-03-22 09:30:07.450,1780.01,100,178001.0,327988,325246,58377,6,B,383331,20230322093009
600519,2023-03-22 09:30:07.600,1779.0,100,177900.0,329433,327990,58896,6,B,385118,20230322093009
600519,2023-03-22 09:30:07.750,1780.15,100,178015.0,330849,326546,59266,6,B,386809,20230322093009
600519,2023-03-22 09:30:07.750,1780.9,100,178090.0,330910,308748,59279,6,B,386875,20230322093009
600519,2023-03-22 09:30:07.750,1780.1,100,178010.0,332198,332162,59725,6,B,388437,20230322093009
600519,2023-03-22 09:30:07.890,1780.01,100,178001.0,330832,332336,59771,6,S,388609,20230322093009
600519,2023-03-22 09:30:07.890,1780.99,100,178099.0,332761,314207,59917,6,B,389105,20230322093009
600519,2023-03-22 09:30:07.890,1780.01,100,178001.0,330832,332936,59961,6,S,389304,20230322093009
600519,2023-03-22 09:30:08.480,1780.57,100,178057.0,335737,339931,62285,6,S,397789,20230322093009
600519,2023-03-22 09:30:08.480,1780.01,100,178001.0,330832,339932,62286,6,S,397790,20230322093009
600519,2023-03-22 09:30:08.480,1780.01,100,178001.0,330832,339933,62287,6,S,397791,20230322093009
600519,2023-03-22 09:30:08.620,1780.99,300,534297.0,341468,314207,62801,6,B,399611,20230322093009
600519,2023-03-22 09:30:08.620,1780.99,100,178099.0,341468,314348,62802,6,B,399612,20230322093009
600519,2023-03-22 09:30:08.620,1781.0,100,178100.0,341468,335227,62803,6,B,399613,20230322093009
600519,2023-03-22 09:30:08.910,1781.5,100,178150.0,345680,328201,64289,6,B,404718,20230322093009
600519,2023-03-22 09:30:08.910,1781.9,3,5345.7,345680,298190,64290,6,B,404719,20230322093009
600519,2023-03-22 09:30:08.910,1782.0,100,178200.0,345680,251589,64291,6,B,404720,20230322093009
600519,2023-03-22 09:30:08.910,1782.0,97,172854.0,345680,253729,64292,6,B,404721,20230322093009
600519,2023-03-22 09:30:09.060,1781.0,100,178100.0,345878,346650,64626,6,S,405908,20230322093009
600519,2023-03-22 09:30:09.370,1781.0,100,178100.0,347550,349709,65743,6,S,409721,20230322093009
600519,2023-03-22 09:30:09.370,1782.0,3,5346.0,350168,253729,65868,6,B,410250,20230322093009
600519,2023-03-22 09:30:09.370,1782.0,100,178200.0,350168,303589,65869,6,B,410251,20230322093009
600519,2023-03-22 09:30:09.660,1782.0,100,178200.0,350168,353286,66892,6,S,414003,20230322093012
600519,2023-03-22 09:30:09.660,1782.0,197,351054.0,350168,353477,66961,6,S,414228,20230322093012
600519,2023-03-22 09:30:09.660,1781.0,603,1073943.0,347550,353477,66962,6,S,414229,20230322093012
600519,2023-03-22 09:30:09.810,1781.0,300,534300.0,347550,354906,67404,6,S,415902,20230322093012
600519,2023-03-22 09:30:09.810,1781.0,97,172757.0,347550,356248,67785,6,S,417498,20230322093012
600519,2023-03-22 09:30:09.810,1781.0,3,5343.0,351258,356248,67786,6,S,417499,20230322093012
600519,2023-03-22 09:30:11.040,1782.67,100,178267.0,362694,369681,72622,6,S,434189,20230322093012
600519,2023-03-22 09:30:11.040,1782.67,100,178267.0,362694,369686,72624,6,S,434194,20230322093012
600519,2023-03-22 09:30:11.040,1782.67,100,178267.0,362694,370456,72925,6,S,435148,20230322093012
600519,2023-03-22 09:30:11.190,1782.88,100,178288.0,373129,314063,73857,6,B,438406,20230322093012
600519,2023-03-22 09:30:11.470,1782.67,100,178267.0,362694,375696,74767,6,S,441682,20230322093012
600519,2023-03-22 09:30:11.770,1782.67,100,178267.0,362694,379193,75936,6,S,445986,20230322093015
600519,2023-03-22 09:30:12.060,1782.67,100,178267.0,362694,382524,77063,6,S,450173,20230322093015
600519,2023-03-22 09:30:12.340,1782.0,100,178200.0,379886,385450,78031,6,S,453892,20230322093015
600519,2023-03-22 09:30:12.340,1781.08,100,178108.0,370011,385450,78032,6,S,453893,20230322093015
600519,2023-03-22 09:30:12.340,1781.0,97,172757.0,351258,385450,78033,6,S,453894,20230322093015
600519,2023-03-22 09:30:12.340,1781.0,200,356200.0,356450,385450,78034,6,S,453895,20230322093015
600519,2023-03-22 09:30:12.340,1781.0,100,178100.0,358435,385450,78035,6,S,453896,20230322093015
600519,2023-03-22 09:30:12.340,1781.0,100,178100.0,365789,385450,78036,6,S,453897,20230322093015
600519,2023-03-22 09:30:12.340,1781.0,3,5343.0,368570,385450,78037,6,S,453898,20230322093015
600519,2023-03-22 09:30:12.340,1781.0,97,172757.0,368570,385897,78206,6,S,454479,20230322093015
600519,2023-03-22 09:30:12.340,1781.0,3,5343.0,380832,385897,78207,6,S,454480,20230322093015
600519,2023-03-22 09:30:12.340,1781.0,100,178100.0,380832,386619,78516,6,S,455444,20230322093015
600519,2023-03-22 09:30:12.660,1781.0,100,178100.0,380832,389403,79809,6,S,459173,20230322093015
600519,2023-03-22 09:30:12.660,1781.0,97,172757.0,380832,390008,80075,6,S,459957,20230322093015
600519,2023-03-22 09:30:12.660,1781.0,3,5343.0,381364,390008,80076,6,S,459958,20230322093015
600519,2023-03-22 09:30:12.920,1781.0,97,172757.0,381364,392422,81014,6,S,463127,20230322093015
600519,2023-03-22 09:30:12.920,1781.0,3,5343.0,382664,392422,81015,6,S,463128,20230322093015
600519,2023-03-22 09:30:12.920,1781.0,100,178100.0,382664,392531,81048,6,S,463275,20230322093015
600519,2023-03-22 09:30:13.210,1782.91,100,178291.0,393379,395877,82401,6,S,467569,20230322093015
600519,2023-03-22 09:30:13.210,1781.0,3,5343.0,382664,396015,82477,6,S,467779,20230322093015
600519,2023-03-22 09:30:13.330,1781.0,94,167414.0,382664,398457,83526,6,S,470995,20230322093015
600519,2023-03-22 09:30:13.330,1781.0,100,178100.0,392800,398457,83527,6,S,470996,20230322093015
600519,2023-03-22 09:30:13.330,1781.0,6,10686.0,394563,398457,83528,6,S,470997,20230322093015
600519,2023-03-22 09:30:13.470,1781.0,94,167414.0,394563,398647,83600,6,S,471233,20230322093015
600519,2023-03-22 09:30:13.470,1780.99,106,188784.94,399054,398647,83750,6,B,471762,20230322093015
600519,2023-03-22 09:30:13.600,1782.88,94,167590.72,399054,400514,84397,6,S,473784,20230322093015
600519,2023-03-22 09:30:13.600,1782.88,6,10697.28,400222,400514,84398,6,S,473785,20230322093015
600519,2023-03-22 09:30:13.890,1783.0,100,178300.0,404465,306042,86210,6,B,478979,20230322093018
600519,2023-03-22 09:30:14.250,1782.88,94,167590.72,400222,408009,87624,6,S,483892,20230322093018
600519,2023-03-22 09:30:14.250,1782.88,6,10697.28,403067,408009,87625,6,S,483893,20230322093018
600519,2023-03-22 09:30:14.360,1782.88,200,356576.0,403067,409252,88131,6,S,485561,20230322093018
600519,2023-03-22 09:30:14.360,1782.88,194,345878.72,403067,409926,88463,6,S,486504,20230322093018
600519,2023-03-22 09:30:14.360,1782.88,6,10697.28,403259,409926,88464,6,S,486505,20230322093018
600519,2023-03-22 09:30:14.480,1783.0,100,178300.0,410914,315535,88812,6,B,487784,20230322093018
600519,2023-03-22 09:30:14.480,1783.0,200,356600.0,410914,332290,88813,6,B,487785,20230322093018
600519,2023-03-22 09:30:14.600,1783.03,100,178303.0,410914,412083,89351,6,S,489387,20230322093018
600519,2023-03-22 09:30:14.600,1782.93,100,178293.0,411493,412877,89627,6,S,490408,20230322093018
600519,2023-03-22 09:30:14.600,1782.88,200,356576.0,403259,412894,89650,6,S,490438,20230322093018
600519,2023-03-22 09:30:14.830,1782.88,94,167590.72,403259,415001,90600,6,S,493335,20230322093018
600519,2023-03-22 09:30:14.830,1782.88,6,10697.28,404269,415001,90601,6,S,493336,20230322093018
600519,2023-03-22 09:30:15.200,1783.03,100,178303.0,419180,419573,92795,6,S,499791,20230322093018
600519,2023-03-22 09:30:15.200,1783.03,100,178303.0,419180,419928,92938,6,S,500315,20230322093018
600519,2023-03-22 09:30:15.200,1783.03,100,178303.0,419180,420541,93252,6,S,501205,20230322093018
600519,2023-03-22 09:30:15.490,1783.0,100,178300.0,420827,422362,94179,6,S,504056,20230322093018
600519,2023-03-22 09:30:15.490,1782.88,100,178288.0,404269,422362,94180,6,S,504057,20230322093018
600519,2023-03-22 09:30:15.830,1783.05,100,178305.0,423403,423657,94837,6,S,506099,20230322093018
600519,2023-03-22 09:30:15.830,1783.05,100,178305.0,423415,423657,94838,6,S,506100,20230322093018
600519,2023-03-22 09:30:15.830,1782.88,94,167590.72,404269,423657,94839,6,S,506101,20230322093018
600519,2023-03-22 09:30:15.830,1782.88,6,10697.28,408163,423657,94840,6,S,506102,20230322093018
600519,2023-03-22 09:30:16.310,1782.88,100,178288.0,408163,425246,95857,6,S,508800,20230322093018
600519,2023-03-22 09:30:16.770,1782.88,194,345878.72,408163,426554,96585,6,S,510865,20230322093018
600519,2023-03-22 09:30:16.770,1782.88,6,10697.28,408240,426554,96586,6,S,510866,20230322093018
600519,2023-03-22 09:30:17.020,1782.88,94,167590.72,408240,427385,97182,6,S,512240,20230322093018
600519,2023-03-22 09:30:17.020,1782.88,106,188985.28,410001,427385,97183,6,S,512241,20230322093018
600519,2023-03-22 09:30:17.150,1782.88,100,178288.0,410001,427707,97360,6,S,512803,20230322093021
600519,2023-03-22 09:30:17.440,1783.0,100,178300.0,428672,428567,97902,6,B,514376,20230322093021
600519,2023-03-22 09:30:17.440,1783.02,100,178302.0,428672,424536,97903,6,B,514377,20230322093021
600519,2023-03-22 09:30:17.440,1783.43,100,178343.0,428672,288570,97904,6,B,514378,20230322093021
600519,2023-03-22 09:30:17.440,1783.77,100,178377.0,428672,335926,97905,6,B,514379,20230322093021
600519,2023-03-22 09:30:17.580,1783.77,100,178377.0,428672,428992,98059,6,S,514880,20230322093021
600519,2023-03-22 09:30:17.610,1783.77,100,178377.0,428672,429101,98102,6,S,515017,20230322093021
600519,2023-03-22 09:30:17.650,1783.77,200,356754.0,428672,429217,98179,6,S,515205,20230322093021
600519,2023-03-22 09:30:18.030,1782.88,200,356576.0,410001,430293,98678,6,S,516753,20230322093021
600519,2023-03-22 09:30:18.110,1783.0,100,178300.0,430505,430023,98954,6,B,517238,20230322093021
600519,2023-03-22 09:30:18.110,1783.0,100,178300.0,430524,430023,98966,6,B,517272,20230322093021
600519,2023-03-22 09:30:18.290,1783.46,100,178346.0,430646,431107,99283,6,S,518169,20230322093021
600519,2023-03-22 09:30:18.290,1783.06,500,891530.0,430788,431107,99284,6,S,518170,20230322093021
600519,2023-03-22 09:30:18.430,1783.0,100,178300.0,431654,431107,99504,6,B,518889,20230322093021
600519,2023-03-22 09:30:18.780,1783.0,100,178300.0,432864,431107,100263,6,B,520850,20230322093021
600519,2023-03-22 09:30:18.880,1783.0,500,891500.0,433147,431107,100421,6,B,521261,20230322093021
600519,2023-03-22 09:30:18.880,1783.0,500,891500.0,433148,431107,100422,6,B,521262,20230322093021
600519,2023-03-22 09:30:19.340,1783.04,100,178304.0,433597,434374,101226,6,S,523324,20230322093021
600519,2023-03-22 09:30:19.340,1783.03,100,178303.0,433465,434376,101227,6,S,523327,20230322093021
600519,2023-03-22 09:30:19.340,1783.0,100,178300.0,433238,434378,101233,6,S,523333,20230322093021
600519,2023-03-22 09:30:19.910,1783.0,200,356600.0,433521,435777,102047,6,S,525493,20230322093021
600519,2023-03-22 09:30:19.910,1782.88,194,345878.72,410001,435777,102048,6,S,525494,20230322093021
600519,2023-03-22 09:30:19.910,1782.88,6,10697.28,433233,435777,102049,6,S,525495,20230322093021
600519,2023-03-22 09:30:20.170,1783.61,100,178361.0,436362,436572,102696,6,S,526860,20230322093021
600519,2023-03-22 09:30:20.710,1783.03,100,178303.0,437186,438015,103530,6,S,529184,20230322093021
600519,2023-03-22 09:30:20.840,1783.02,100,178302.0,436442,438349,103736,6,S,529682,20230322093021
600519,2023-03-22 09:30:21.260,1783.02,100,178302.0,436442,439626,104653,6,S,531829,20230322093021
600519,2023-03-22 09:30:21.640,1783.03,100,178303.0,440757,440870,105423,6,S,533717,20230322093021
600519,2023-03-22 09:30:21.760,1783.0,300,534900.0,441119,441200,105604,6,S,534240,20230322093021
600519,2023-03-22 09:30:21.760,1783.0,100,178300.0,441119,441252,105662,6,S,534344,20230322093021
600519,2023-03-22 09:30:21.900,1783.05,100,178305.0,441479,441587,105832,6,S,534803,20230322093021
600519,2023-03-22 09:30:21.900,1783.0,100,178300.0,441119,441587,105833,6,S,534804,20230322093021
600519,2023-03-22 09:30:22.000,1783.9,100,178390.0,441879,315893,106023,6,B,535313,20230322093021
600519,2023-03-22 09:30:22.000,1783.9,100,178390.0,441879,409677,106024,6,B,535314,20230322093021
600519,2023-03-22 09:30:22.030,1783.05,100,178305.0,441811,441971,106081,6,S,535452,20230322093021
600519,2023-03-22 09:30:22.490,1783.0,200,356600.0,441119,443129,106825,6,S,537280,20230322093021
600519,2023-03-22 09:30:22.600,1783.05,100,178305.0,443475,441971,107064,6,B,537823,20230322093024
600519,2023-03-22 09:30:22.600,1783.05,100,178305.0,443475,442762,107065,6,B,537824,20230322093024
600519,2023-03-22 09:30:22.600,1783.0,100,178300.0,441147,443488,107080,6,S,537846,20230322093024
600519,2023-03-22 09:30:22.860,1783.05,100,178305.0,444062,443816,107435,6,B,538705,20230322093024
600519,2023-03-22 09:30:22.960,1783.9,100,178390.0,444341,424296,107705,6,B,539205,20230322093024
600519,2023-03-22 09:30:23.020,1782.89,100,178289.0,439205,444569,107847,6,S,539513,20230322093024
600519,2023-03-22 09:30:23.910,1783.0,200,356600.0,447057,446594,109671,6,B,543506,20230322093024
600519,2023-03-22 09:30:24.000,1783.95,100,178395.0,447060,447267,109830,6,S,543853,20230322093024
600519,2023-03-22 09:30:24.650,1783.9,100,178390.0,447708,449172,110971,6,S,546745,20230322093024
600519,2023-03-22 09:30:24.650,1783.9,100,178390.0,448119,449172,110972,6,S,546746,20230322093024
600519,2023-03-22 09:30:24.910,1783.97,700,1248779.0,450114,325339,111750,6,B,548384,20230322093024
600519,2023-03-22 09:30:25.020,1783.97,10,17839.7,450387,388429,111886,6,B,548789,20230322093024
600519,2023-03-22 09:30:25.020,1783.98,90,160558.2,450387,246212,111887,6,B,548790,20230322093024
600519,2023-03-22 09:30:25.490,1783.93,100,178393.0,449753,451688,112733,6,S,551004,20230322093024
600519,2023-03-22 09:30:25.830,1783.98,210,374635.8,452599,246212,113259,6,B,552308,20230322093024
600519,2023-03-22 09:30:25.830,1783.98,100,178398.0,452599,306074,113260,6,B,552309,20230322093024
600519,2023-03-22 09:30:25.830,1783.98,100,178398.0,452599,398458,113261,6,B,552310,20230322093024
600519,2023-03-22 09:30:25.830,1783.98,100,178398.0,452599,398648,113262,6,B,552311,20230322093024
600519,2023-03-22 09:30:25.880,1783.98,90,160558.2,452599,452710,113351,6,S,552510,20230322093024
600519,2023-03-22 09:30:25.880,1783.97,10,17839.7,452568,452710,113352,6,S,552511,20230322093024
600519,2023-03-22 09:30:26.250,1783.97,90,160557.3,452568,453677,113951,6,S,554032,20230322093024
600519,2023-03-22 09:30:26.250,1783.93,100,178393.0,450134,453677,113952,6,S,554033,20230322093024
600519,2023-03-22 09:30:26.250,1783.93,200,356786.0,450273,453677,113953,6,S,554034,20230322093024
600519,2023-03-22 09:30:26.250,1783.93,100,178393.0,450437,453677,113954,6,S,554035,20230322093024
600519,2023-03-22 09:30:26.250,1783.9,200,356780.0,448119,453677,113955,6,S,554036,20230322093024
600519,2023-03-22 09:30:26.250,1783.9,300,535170.0,448677,453677,113956,6,S,554037,20230322093024
600519,2023-03-22 09:30:26.250,1783.9,100,178390.0,448857,453677,113957,6,S,554038,20230322093024
600519,2023-03-22 09:30:26.250,1783.9,200,356780.0,449122,453677,113958,6,S,554039,20230322093024
600519,2023-03-22 09:30:26.250,1783.9,500,891950.0,450000,453677,113959,6,S,554040,20230322093024
600519,2023-03-22 09:30:26.250,1783.9,100,178390.0,450186,453677,113960,6,S,554041,20230322093024
600519,2023-03-22 09:30:26.250,1783.9,100,178390.0,450769,453677,113961,6,S,554042,20230322093024
600519,2023-03-22 09:30:26.250,1783.9,110,196229.0,450944,453677,113962,6,S,554043,20230322093024
600519,2023-03-22 09:30:26.270,1783.9,100,178390.0,450944,453798,114046,6,S,554272,20230322093024
600519,2023-03-22 09:30:26.530,1784.0,100,178400.0,454507,331840,114501,6,B,555384,20230322093024
600519,2023-03-22 09:30:26.700,1783.9,300,535170.0,450944,454979,114828,6,S,556107,20230322093024
600519,2023-03-22 09:30:26.800,1783.9,90,160551.0,450944,455267,115072,6,S,556583,20230322093024
600519,2023-03-22 09:30:26.800,1783.9,10,17839.0,451486,455267,115073,6,S,556584,20230322093024
600519,2023-03-22 09:30:26.970,1783.95,100,178395.0,455334,455694,115387,6,S,557254,20230322093024
600519,2023-03-22 09:30:26.970,1784.0,100,178400.0,455696,348790,115389,6,B,557259,20230322093024
600519,2023-03-22 09:30:26.970,1784.0,100,178400.0,455696,420868,115390,6,B,557260,20230322093024
600519,2023-03-22 09:30:27.550,1784.0,100,178400.0,457479,442857,116901,6,B,560410,20230322093024
600519,2023-03-22 09:30:27.890,1784.8,200,356960.0,458559,272024,117601,6,B,562137,20230322093027
600519,2023-03-22 09:30:27.910,1784.8,100,178480.0,458585,272024,117609,6,B,562171,20230322093027
600519,2023-03-22 09:30:27.910,1784.8,100,178480.0,458585,378149,117610,6,B,562172,20230322093027
600519,2023-03-22 09:30:27.910,1784.8,100,178480.0,458605,419735,117617,6,B,562194,20230322093027
600519,2023-03-22 09:30:28.020,1784.0,100,178400.0,458574,458861,117790,6,S,562609,20230322093027
600519,2023-03-22 09:30:28.180,1783.98,100,178398.0,457026,459271,118059,6,S,563308,20230322093027
600519,2023-03-22 09:30:28.180,1783.98,100,178398.0,458571,459286,118078,6,S,563339,20230322093027
600519,2023-03-22 09:30:28.840,1784.8,100,178480.0,460845,419735,119050,6,B,565680,20230322093027
600519,2023-03-22 09:30:29.040,1783.98,100,178398.0,458780,461488,119536,6,S,566738,20230322093027
600519,2023-03-22 09:30:29.890,1784.8,100,178480.0,463984,424297,121215,6,B,570694,20230322093027
600519,2023-03-22 09:30:30.310,1784.8,100,178480.0,465455,424297,122030,6,B,572867,20230322093027
600519,2023-03-22 09:30:30.590,1784.8,100,178480.0,466315,433524,122592,6,B,574212,20230322093030
600519,2023-03-22 09:30:30.800,1783.98,100,178398.0,466983,466800,122954,6,B,575303,20230322093030
600519,2023-03-22 09:30:30.890,1784.8,100,178480.0,467251,460380,123086,6,B,575675,20230322093030
600519,2023-03-22 09:30:31.150,1784.79,100,178479.0,467972,467281,123611,6,B,576890,20230322093030
600519,2023-03-22 09:30:31.390,1783.97,200,356794.0,456154,468662,124091,6,S,577976,20230322093030
600519,2023-03-22 09:30:33.030,1784.0,100,178400.0,469083,473333,127188,6,S,585450,20230322093030
600519,2023-03-22 09:30:33.030,1784.0,100,178400.0,469083,473336,127189,6,S,585453,20230322093030
600519,2023-03-22 09:30:33.070,1784.0,100,178400.0,469083,473430,127284,6,S,585644,20230322093030
600519,2023-03-22 09:30:33.750,1784.0,100,178400.0,469083,475532,128825,6,S,589295,20230322093033
600519,2023-03-22 09:30:33.850,1784.8,100,178480.0,475886,467820,129015,6,B,589866,20230322093033
600519,2023-03-22 09:30:33.850,1784.8,100,178480.0,475887,467820,129016,6,B,589867,20230322093033
600519,2023-03-22 09:30:34.380,1784.99,100,178499.0,477339,280728,130142,6,B,592440,20230322093033
600519,2023-03-22 09:30:34.990,1784.99,100,178499.0,477568,479157,131235,6,S,595391,20230322093033
600519,2023-03-22 09:30:35.010,1784.83,100,178483.0,478534,479224,131269,6,S,595496,20230322093033
600519,2023-03-22 09:30:35.010,1784.81,100,178481.0,475963,479224,131270,6,S,595497,20230322093033
600519,2023-03-22 09:30:35.400,1784.81,100,178481.0,475963,480391,132113,6,S,597436,20230322093033
600519,2023-03-22 09:30:35.400,1784.8,100,178480.0,475976,480391,132114,6,S,597437,20230322093033
600519,2023-03-22 09:30:35.400,1784.0,500,892000.0,469083,480391,132115,6,S,597438,20230322093033
600519,2023-03-22 09:30:35.940,1784.0,88,156992.0,469083,481953,133146,6,S,599834,20230322093033
600519,2023-03-22 09:30:36.010,1784.0,100,178400.0,469083,482167,133266,6,S,600162,20230322093033
600519,2023-03-22 09:30:36.030,1784.0,12,21408.0,469083,482228,133328,6,S,600283,20230322093033
600519,2023-03-22 09:30:36.030,1784.0,100,178400.0,476197,482228,133329,6,S,600284,20230322093033
600519,2023-03-22 09:30:36.030,1783.99,288,513789.12,473380,482228,133330,6,S,600285,20230322093033
600519,2023-03-22 09:30:36.150,1784.0,100,178400.0,482567,482229,133544,6,B,600814,20230322093033
600519,2023-03-22 09:30:36.150,1785.0,99,176715.0,482627,246199,133577,6,B,600910,20230322093033
600519,2023-03-22 09:30:36.150,1785.0,100,178500.0,482627,265556,133578,6,B,600911,20230322093033
600519,2023-03-22 09:30:36.150,1785.0,100,178500.0,482627,271907,133579,6,B,600912,20230322093033
600519,2023-03-22 09:30:36.150,1785.0,100,178500.0,482627,274891,133580,6,B,600913,20230322093033
600519,2023-03-22 09:30:36.150,1785.0,100,178500.0,482627,283286,133581,6,B,600914,20230322093033
600519,2023-03-22 09:30:36.150,1785.0,1000,1785000.0,482627,300755,133582,6,B,600915,20230322093033
600519,2023-03-22 09:30:36.150,1785.0,100,178500.0,482627,301245,133583,6,B,600916,20230322093033
600519,2023-03-22 09:30:36.150,1785.0,100,178500.0,482627,342527,133584,6,B,600917,20230322093033
600519,2023-03-22 09:30:36.150,1785.0,100,178500.0,482627,362644,133585,6,B,600918,20230322093033
600519,2023-03-22 09:30:36.150,1785.0,100,178500.0,482627,381560,133586,6,B,600919,20230322093033
600519,2023-03-22 09:30:36.150,1785.0,100,178500.0,482627,398426,133587,6,B,600920,20230322093033
600519,2023-03-22 09:30:36.150,1785.0,100,178500.0,482627,422558,133588,6,B,600921,20230322093033
600519,2023-03-22 09:30:36.150,1785.0,100,178500.0,482627,429587,133589,6,B,600922,20230322093033
600519,2023-03-22 09:30:36.150,1785.0,200,357000.0,482627,450419,133590,6,B,600923,20230322093033
600519,2023-03-22 09:30:36.150,1785.0,200,357000.0,482627,450420,133591,6,B,600924,20230322093033
600519,2023-03-22 09:30:36.150,1785.0,500,892500.0,482627,461475,133592,6,B,600925,20230322093033
600519,2023-03-22 09:30:36.150,1785.0,300,535500.0,482627,461476,133593,6,B,600926,20230322093033
600519,2023-03-22 09:30:36.150,1785.0,300,535500.0,482627,473349,133594,6,B,600927,20230322093033
600519,2023-03-22 09:30:36.200,1785.0,200,357000.0,482627,482731,133640,6,S,601069,20230322093033
600519,2023-03-22 09:30:36.390,1785.0,100,178500.0,482627,483322,133970,6,S,601974,20230322093033
600519,2023-03-22 09:30:36.500,1785.0,100,178500.0,482627,483640,134159,6,S,602496,20230322093033
600519,2023-03-22 09:30:36.690,1785.0,100,178500.0,482627,484273,134590,6,S,603579,20230322093036
600519,2023-03-22 09:30:36.950,1785.33,100,178533.0,484971,160449,135038,6,B,604687,20230322093036
600519,2023-03-22 09:30:37.030,1785.33,100,178533.0,485030,485171,135208,6,S,605033,20230322093036
600519,2023-03-22 09:30:37.030,1785.0,100,178500.0,482627,485171,135209,6,S,605034,20230322093036
600519,2023-03-22 09:30:37.140,1785.0,100,178500.0,482627,485465,135404,6,S,605517,20230322093036
600519,2023-03-22 09:30:37.310,1785.8,900,1607220.0,485926,391535,135816,6,B,606360,20230322093036
600519,2023-03-22 09:30:37.310,1785.8,100,178580.0,485927,391535,135817,6,B,606361,20230322093036
600519,2023-03-22 09:30:37.310,1785.8,100,178580.0,485927,458863,135818,6,B,606362,20230322093036
600519,2023-03-22 09:30:37.310,1785.8,100,178580.0,485927,458864,135819,6,B,606363,20230322093036
600519,2023-03-22 09:30:37.340,1785.0,100,178500.0,482627,485967,135841,6,S,606419,20230322093036
600519,2023-03-22 09:30:37.560,1785.8,300,535740.0,486508,473347,136188,6,B,607239,20230322093036
600519,2023-03-22 09:30:37.560,1785.8,100,178580.0,486508,482219,136189,6,B,607240,20230322093036
600519,2023-03-22 09:30:37.560,1785.85,300,535755.0,486508,113551,136190,6,B,607241,20230322093036
600519,2023-03-22 09:30:37.560,1785.85,100,178585.0,486508,166326,136191,6,B,607242,20230322093036
600519,2023-03-22 09:30:37.560,1785.85,200,357170.0,486508,467598,136192,6,B,607243,20230322093036
600519,2023-03-22 09:30:37.560,1785.85,300,535755.0,486508,467599,136193,6,B,607244,20230322093036
600519,2023-03-22 09:30:37.560,1785.85,100,178585.0,486508,476311,136194,6,B,607245,20230322093036
600519,2023-03-22 09:30:37.560,1785.85,100,178585.0,486508,476313,136195,6,B,607246,20230322093036
600519,2023-03-22 09:30:38.380,1785.88,100,178588.0,488747,199972,137704,6,B,610885,20230322093036
600519,2023-03-22 09:30:38.840,1785.9,100,178590.0,489912,359010,138524,6,B,612717,20230322093036
600519,2023-03-22 09:30:38.880,1785.38,100,178538.0,487135,490005,138572,6,S,612855,20230322093036
600519,2023-03-22 09:30:39.020,1785.36,100,178536.0,487354,490385,138828,6,S,613448,20230322093036
600519,2023-03-22 09:30:39.020,1785.33,100,178533.0,486127,490387,138829,6,S,613450,20230322093036
600519,2023-03-22 09:30:39.020,1785.33,100,178533.0,488682,490387,138830,6,S,613451,20230322093036
600519,2023-03-22 09:30:39.020,1785.0,500,892500.0,482627,490387,138831,6,S,613452,20230322093036
600519,2023-03-22 09:30:39.420,1785.99,200,357198.0,491513,273196,139628,6,B,615245,20230322093036
600519,2023-03-22 09:30:39.850,1786.0,100,178600.0,492674,49404,140393,6,B,617058,20230322093039
600519,2023-03-22 09:30:39.850,1786.0,100,178600.0,492674,124678,140394,6,B,617059,20230322093039
600519,2023-03-22 09:30:39.850,1786.0,100,178600.0,492674,349395,140395,6,B,617060,20230322093039
600519,2023-03-22 09:30:39.850,1786.0,100,178600.0,492674,372340,140396,6,B,617061,20230322093039
600519,2023-03-22 09:30:39.850,1786.0,100,178600.0,492674,377167,140397,6,B,617062,20230322093039
600519,2023-03-22 09:30:39.850,1786.0,100,178600.0,492674,461940,140398,6,B,617063,20230322093039
600519,2023-03-22 09:30:39.850,1786.0,100,178600.0,492674,481730,140399,6,B,617064,20230322093039
600519,2023-03-22 09:30:39.850,1786.0,400,714400.0,492674,490390,140400,6,B,617065,20230322093039
600519,2023-03-22 09:30:39.850,1786.0,200,357200.0,492675,490390,140401,6,B,617066,20230322093039
600519,2023-03-22 09:30:39.850,1786.0,800,1428800.0,492675,490391,140402,6,B,617067,20230322093039
600519,2023-03-22 09:30:40.420,1786.36,100,178636.0,494036,201919,141434,6,B,619327,20230322093039
600519,2023-03-22 09:30:41.560,1786.5,200,357300.0,497028,33096,143386,6,B,623978,20230322093039
600519,2023-03-22 09:30:41.590,1786.03,100,178603.0,492915,497119,143495,6,S,624180,20230322093039
600519,2023-03-22 09:30:42.030,1786.03,100,178603.0,492915,498157,144254,6,S,625872,20230322093039
600519,2023-03-22 09:30:42.310,1786.03,100,178603.0,492915,498962,144807,6,S,627106,20230322093039
600519,2023-03-22 09:30:42.940,1786.86,100,178686.0,500737,299519,145896,6,B,629954,20230322093042
600519,2023-03-22 09:30:42.940,1786.98,100,178698.0,500737,352965,145897,6,B,629955,20230322093042
600519,2023-03-22 09:30:43.870,1786.89,100,178689.0,500809,502981,147508,6,S,633617,20230322093042
600519,2023-03-22 09:30:44.030,1786.03,100,178603.0,492915,503359,147723,6,S,634154,20230322093042
600519,2023-03-22 09:30:45.850,1786.98,100,178698.0,507962,352965,150938,6,B,641608,20230322093045
600519,2023-03-22 09:30:45.850,1786.98,100,178698.0,507963,507589,150939,6,B,641610,20230322093045
600519,2023-03-22 09:30:45.970,1787.0,100,178700.0,508210,149899,151138,6,B,642039,20230322093045
600519,2023-03-22 09:30:46.030,1786.91,100,178691.0,506024,508342,151246,6,S,642257,20230322093045
600519,2023-03-22 09:30:46.030,1786.91,100,178691.0,507676,508342,151247,6,S,642258,20230322093045
600519,2023-03-22 09:30:46.030,1786.91,100,178691.0,508045,508342,151248,6,S,642259,20230322093045
600519,2023-03-22 09:30:46.030,1786.91,100,178691.0,508062,508360,151257,6,S,642291,20230322093045
600519,2023-03-22 09:30:46.280,1786.89,100,178689.0,504859,508967,151632,6,S,643214,20230322093045
600519,2023-03-22 09:30:46.300,1786.8,100,178680.0,504679,509024,151683,6,S,643317,20230322093045
600519,2023-03-22 09:30:46.300,1787.0,100,178700.0,509027,193034,151686,6,B,643323,20230322093045
600519,2023-03-22 09:30:46.630,1786.86,100,178686.0,509324,509706,152044,6,S,644348,20230322093045
600519,2023-03-22 09:30:47.460,1786.8,100,178680.0,504679,511452,153166,6,S,647166,20230322093045
600519,2023-03-22 09:30:48.030,1786.91,200,357382.0,512704,512690,154077,6,B,649244,20230322093045
600519,2023-03-22 09:30:48.630,1786.91,100,178691.0,514154,513155,155363,6,B,651837,20230322093048
600519,2023-03-22 09:30:48.710,1786.8,100,178680.0,504679,514411,155497,6,S,652216,20230322093048
600519,2023-03-22 09:30:49.030,1786.98,100,178698.0,514539,515084,155990,6,S,653305,20230322093048
600519,2023-03-22 09:30:49.060,1786.98,100,178698.0,514539,515114,156010,6,S,653348,20230322093048
600519,2023-03-22 09:30:49.110,1786.98,100,178698.0,514539,515267,156125,6,S,653584,20230322093048
600519,2023-03-22 09:30:49.110,1786.98,100,178698.0,514867,515267,156126,6,S,653585,20230322093048
600519,2023-03-22 09:30:49.110,1786.98,100,178698.0,514950,515267,156127,6,S,653586,20230322093048
600519,2023-03-22 09:30:49.110,1786.98,100,178698.0,514963,515267,156128,6,S,653587,20230322093048
600519,2023-03-22 09:30:49.130,1786.98,100,178698.0,514963,515308,156165,6,S,653654,20230322093048
600519,2023-03-22 09:30:49.250,1786.98,100,178698.0,515005,515589,156426,6,S,654132,20230322093048
600519,2023-03-22 09:30:49.250,1786.98,400,714792.0,515256,515589,156427,6,S,654133,20230322093048
600519,2023-03-22 09:30:49.250,1786.98,100,178698.0,515258,515589,156428,6,S,654134,20230322093048
600519,2023-03-22 09:30:49.540,1786.98,100,178698.0,515873,516176,156787,6,S,655068,20230322093048
600519,2023-03-22 09:30:49.550,1786.98,100,178698.0,515873,516192,156795,6,S,655089,20230322093048
600519,2023-03-22 09:30:49.600,1786.98,100,178698.0,515873,516266,156838,6,S,655198,20230322093048
600519,2023-03-22 09:30:49.760,1786.98,200,357396.0,515873,516573,157027,6,S,655653,20230322093048
600519,2023-03-22 09:30:49.810,1786.99,100,178699.0,516711,514847,157105,6,B,655864,20230322093048
600519,2023-03-22 09:30:49.860,1786.99,100,178699.0,516825,516269,157174,6,B,656026,20230322093048
600519,2023-03-22 09:30:50.030,1786.98,100,178698.0,516893,517202,157365,6,S,656576,20230322093048
600519,2023-03-22 09:30:50.110,1786.81,300,536043.0,517460,517334,157478,6,B,656925,20230322093048
600519,2023-03-22 09:30:50.160,1786.98,100,178698.0,517460,517545,157529,6,S,657067,20230322093048
600519,2023-03-22 09:30:50.360,1787.0,100,178700.0,518006,500717,157823,6,B,657783,20230322093048
600519,2023-03-22 09:30:50.410,1786.98,200,357396.0,517460,518083,157869,6,S,657902,20230322093048
600519,2023-03-22 09:30:50.440,1786.8,100,178680.0,504679,518130,157908,6,S,657983,20230322093048
600519,2023-03-22 09:30:50.700,1786.8,200,357360.0,504679,518728,158350,6,S,658942,20230322093048
600519,2023-03-22 09:30:51.020,1786.03,300,535809.0,519472,518924,158761,6,B,660067,20230322093048
600519,2023-03-22 09:30:51.290,1786.03,100,178603.0,520077,519335,159198,6,B,661057,20230322093048
600519,2023-03-22 09:30:51.670,1786.03,100,178603.0,520894,519335,159626,6,B,662283,20230322093051
600519,2023-03-22 09:30:51.850,1786.03,100,178603.0,521310,520015,159867,6,B,662931,20230322093051
600519,2023-03-22 09:30:52.190,1786.0,100,178600.0,500647,521990,160303,6,S,663945,20230322093051
600519,2023-03-22 09:30:52.760,1786.79,100,178679.0,523278,520213,161091,6,B,665931,20230322093051
600519,2023-03-22 09:30:52.810,1786.8,200,357360.0,523425,519184,161158,6,B,666132,20230322093051
600519,2023-03-22 09:30:54.370,1786.8,100,178680.0,526964,524014,163400,6,B,671653,20230322093051
600519,2023-03-22 09:30:54.580,1786.08,100,178608.0,522358,527330,163626,6,S,672230,20230322093051
600519,2023-03-22 09:30:54.990,1786.79,100,178679.0,528168,527550,164253,6,B,673615,20230322093054
600519,2023-03-22 09:30:55.030,1786.98,100,178698.0,528210,519471,164288,6,B,673682,20230322093054
600519,2023-03-22 09:30:55.040,1786.98,100,178698.0,528246,523423,164337,6,B,673761,20230322093054
600519,2023-03-22 09:30:55.060,1786.03,200,357206.0,525469,528310,164360,6,S,673858,20230322093054
600519,2023-03-22 09:30:55.250,1786.79,100,178679.0,528347,528879,164690,6,S,674716,20230322093054
600519,2023-03-22 09:30:55.250,1786.03,100,178603.0,525469,528879,164691,6,S,674717,20230322093054
600519,2023-03-22 09:30:55.250,1786.03,100,178603.0,528017,528879,164692,6,S,674718,20230322093054
600519,2023-03-22 09:30:55.250,1786.03,100,178603.0,528129,528879,164693,6,S,674719,20230322093054
600519,2023-03-22 09:30:55.450,1786.03,100,178603.0,528129,529228,164934,6,S,675283,20230322093054
600519,2023-03-22 09:30:55.820,1786.03,100,178603.0,530024,529676,165376,6,B,676457,20230322093054
600519,2023-03-22 09:30:55.890,1786.79,100,178679.0,530024,530186,165475,6,S,676672,20230322093054
600519,2023-03-22 09:30:56.020,1786.79,100,178679.0,530438,530497,165685,6,S,677187,20230322093054
600519,2023-03-22 09:30:56.240,1786.79,100,178679.0,530438,530907,165940,6,S,677867,20230322093054
600519,2023-03-22 09:30:56.240,1786.79,100,178679.0,530884,530907,165941,6,S,677868,20230322093054
600519,2023-03-22 09:30:56.240,1786.04,100,178604.0,530420,530907,165942,6,S,677869,20230322093054
600519,2023-03-22 09:30:56.420,1786.98,100,178698.0,531280,523423,166149,6,B,678432,20230322093054
600519,2023-03-22 09:30:56.670,1786.82,100,178682.0,531282,531765,166467,6,S,679199,20230322093054
600519,2023-03-22 09:30:57.450,1786.79,200,357358.0,531193,533411,167527,6,S,681877,20230322093054
600519,2023-03-22 09:30:57.480,1786.98,100,178698.0,533460,523423,167551,6,B,681947,20230322093054
600519,2023-03-22 09:30:57.480,1787.0,100,178700.0,533460,508802,167552,6,B,681948,20230322093054
600519,2023-03-22 09:30:57.480,1787.0,100,178700.0,533460,509857,167553,6,B,681949,20230322093054
600519,2023-03-22 09:30:57.540,1787.0,100,178700.0,533460,533560,167619,6,S,682108,20230322093054
600519,2023-03-22 09:30:57.570,1787.0,600,1072200.0,533460,533600,167653,6,S,682177,20230322093054
600519,2023-03-22 09:30:57.610,1787.0,100,178700.0,533460,533684,167689,6,S,682299,20230322093057
600519,2023-03-22 09:30:57.670,1787.0,100,178700.0,533460,533843,167757,6,S,682505,20230322093057
600519,2023-03-22 09:30:57.860,1787.0,300,536100.0,533460,534279,168004,6,S,683155,20230322093057
600519,2023-03-22 09:30:57.930,1787.0,100,178700.0,533460,534381,168042,6,S,683296,20230322093057
600519,2023-03-22 09:30:57.990,1787.0,100,178700.0,533460,534511,168116,6,S,683489,20230322093057
600519,2023-03-22 09:30:58.020,1786.79,100,178679.0,531193,534553,168156,6,S,683563,20230322093057
600519,2023-03-22 09:30:58.050,1787.42,100,178742.0,534649,534420,168234,6,B,683725,20230322093057
600519,2023-03-22 09:30:58.050,1786.79,100,178679.0,531193,534657,168244,6,S,683739,20230322093057
600519,2023-03-22 09:30:58.260,1787.0,100,178700.0,535091,534870,168487,6,B,684388,20230322093057
600519,2023-03-22 09:30:58.340,1786.79,100,178679.0,531193,535276,168639,6,S,684706,20230322093057
600519,2023-03-22 09:30:58.390,1787.43,100,178743.0,535340,134086,168669,6,B,684790,20230322093057
600519,2023-03-22 09:30:58.550,1786.79,200,357358.0,531193,535619,168890,6,S,685285,20230322093057
600519,2023-03-22 09:30:58.580,1787.07,100,178707.0,535716,535615,168970,6,B,685435,20230322093057
600519,2023-03-22 09:30:59.140,1787.43,100,178743.0,536797,536888,169727,6,S,687343,20230322093057
600519,2023-03-22 09:30:59.140,1786.98,100,178698.0,536496,536888,169728,6,S,687344,20230322093057
600519,2023-03-22 09:30:59.140,1786.79,100,178679.0,531937,536888,169729,6,S,687345,20230322093057
600519,2023-03-22 09:30:59.410,1787.46,100,178746.0,537073,537457,170180,6,S,688325,20230322093057
600519,2023-03-22 09:30:59.780,1786.79,100,178679.0,531974,538163,170601,6,S,689405,20230322093057
600519,2023-03-22 09:30:59.850,1786.79,300,536037.0,533311,538306,170694,6,S,689617,20230322093057
600519,2023-03-22 09:31:00.640,1786.79,100,178679.0,533311,540571,172333,6,S,693273,20230322093100
600519,2023-03-22 09:31:00.640,1786.79,100,178679.0,539979,540571,172334,6,S,693274,20230322093100
600519,2023-03-22 09:31:00.710,1786.98,100,178698.0,540741,539125,172422,6,B,693498,20230322093100
600519,2023-03-22 09:31:00.710,1786.99,100,178699.0,540741,540531,172423,6,B,693499,20230322093100
600519,2023-03-22 09:31:00.840,1787.0,300,536100.0,541123,538191,172600,6,B,694059,20230322093100
600519,2023-03-22 09:31:00.840,1787.0,200,357400.0,541124,539056,172601,6,B,694060,20230322093100
600519,2023-03-22 09:31:00.920,1787.07,100,178707.0,541269,541217,172684,6,B,694266,20230322093100
600519,2023-03-22 09:31:01.190,1787.03,100,178703.0,541396,541944,173059,6,S,695250,20230322093100
600519,2023-03-22 09:31:01.270,1787.0,100,178700.0,541384,542199,173242,6,S,695706,20230322093100
600519,2023-03-22 09:31:01.680,1787.0,100,178700.0,541384,543187,173926,6,S,697344,20230322093100
600519,2023-03-22 09:31:01.840,1787.0,200,357400.0,541384,543466,174120,6,S,697791,20230322093100
600519,2023-03-22 09:31:02.160,1787.43,100,178743.0,544413,541774,174786,6,B,699208,20230322093100
600519,2023-03-22 09:31:03.500,1787.43,100,178743.0,544413,547950,177060,6,S,704663,20230322093100
600519,2023-03-22 09:31:03.710,1787.43,100,178743.0,544413,548529,177413,6,S,705515,20230322093103
600519,2023-03-22 09:31:03.830,1787.5,100,178750.0,548822,144701,177618,6,B,705971,20230322093103
600519,2023-03-22 09:31:04.020,1787.8,100,178780.0,549280,272030,177858,6,B,706643,20230322093103
600519,2023-03-22 09:31:04.110,1787.8,300,536340.0,549471,272030,177973,6,B,706917,20230322093103
600519,2023-03-22 09:31:04.120,1787.8,200,357560.0,549471,549506,177987,6,S,706964,20230322093103
600519,2023-03-22 09:31:04.120,1787.51,100,178751.0,548961,549506,177988,6,S,706965,20230322093103
600519,2023-03-22 09:31:04.680,1787.06,100,178706.0,549065,551033,179062,6,S,709409,20230322093103
600519,2023-03-22 09:31:05.030,1787.06,100,178706.0,549065,551947,179607,6,S,710771,20230322093103
600519,2023-03-22 09:31:05.210,1787.06,100,178706.0,549065,552508,180032,6,S,711652,20230322093103
600519,2023-03-22 09:31:05.630,1787.06,100,178706.0,549252,553596,180737,6,S,713376,20230322093103
600519,2023-03-22 09:31:05.690,1787.06,400,714824.0,549252,553840,180876,6,S,713756,20230322093103
600519,2023-03-22 09:31:05.690,1787.06,300,536118.0,549254,553840,180877,6,S,713757,20230322093103
600519,2023-03-22 09:31:05.750,1787.05,100,178705.0,544705,553995,180980,6,S,714027,20230322093103
600519,2023-03-22 09:31:06.030,1787.83,100,178783.0,554849,531119,181551,6,B,715365,20230322093103
600519,2023-03-22 09:31:06.050,1787.8,100,178780.0,554204,554887,181568,6,S,715424,20230322093103
600519,2023-03-22 09:31:06.330,1787.8,100,178780.0,555545,555646,182033,6,S,716739,20230322093103
600519,2023-03-22 09:31:06.460,1787.88,100,178788.0,556004,148727,182355,6,B,717425,20230322093103
600519,2023-03-22 09:31:06.490,1787.88,100,178788.0,556087,503360,182404,6,B,717565,20230322093103
600519,2023-03-22 09:31:06.710,1787.88,100,178788.0,556660,503360,182806,6,B,718506,20230322093106
600519,2023-03-22 09:31:06.880,1787.98,100,178798.0,557113,529981,183061,6,B,719224,20230322093106
600519,2023-03-22 09:31:06.970,1787.98,100,178798.0,557296,529981,183188,6,B,719546,20230322093106
600519,2023-03-22 09:31:07.060,1787.99,100,178799.0,557521,241561,183328,6,B,719887,20230322093106
600519,2023-03-22 09:31:07.060,1787.99,100,178799.0,557521,313059,183329,6,B,719888,20230322093106
600519,2023-03-22 09:31:07.230,1787.99,200,357598.0,558012,313059,183709,6,B,720676,20230322093106
600519,2023-03-22 09:31:07.230,1787.99,100,178799.0,558012,503362,183710,6,B,720677,20230322093106
600519,2023-03-22 09:31:07.230,1787.99,1000,1787990.0,558012,556595,183711,6,B,720678,20230322093106
600519,2023-03-22 09:31:07.430,1788.0,100,178800.0,558461,15054,184061,6,B,721440,20230322093106
600519,2023-03-22 09:31:07.840,1788.0,100,178800.0,559412,102751,184708,6,B,722874,20230322093106
600519,2023-03-22 09:31:07.880,1788.0,100,178800.0,559501,104085,184747,6,B,723002,20230322093106
600519,2023-03-22 09:31:07.960,1788.0,100,178800.0,559639,135143,184823,6,B,723212,20230322093106
600519,2023-03-22 09:31:08.050,1788.0,100,178800.0,559972,138647,185009,6,B,723686,20230322093106
600519,2023-03-22 09:31:08.070,1787.99,100,178799.0,558012,560037,185046,6,S,723771,20230322093106
600519,2023-03-22 09:31:08.180,1787.98,100,178798.0,557399,560325,185233,6,S,724212,20230322093106
600519,2023-03-22 09:31:08.420,1788.0,100,178800.0,560954,155585,185731,6,B,725241,20230322093106
600519,2023-03-22 09:31:08.420,1788.0,100,178800.0,560954,169934,185732,6,B,725242,20230322093106
600519,2023-03-22 09:31:08.420,1788.0,100,178800.0,560954,181199,185733,6,B,725243,20230322093106
600519,2023-03-22 09:31:08.420,1788.0,100,178800.0,560954,182667,185734,6,B,725244,20230322093106
600519,2023-03-22 09:31:08.420,1788.0,100,178800.0,560954,190179,185735,6,B,725245,20230322093106
600519,2023-03-22 09:31:08.730,1788.0,100,178800.0,561801,190179,186336,6,B,726595,20230322093106
600519,2023-03-22 09:31:09.060,1788.0,100,178800.0,562651,211137,186833,6,B,727849,20230322093106
600519,2023-03-22 09:31:09.490,1788.0,100,178800.0,563981,222787,187653,6,B,729850,20230322093106
600519,2023-03-22 09:31:09.490,1788.0,100,178800.0,563981,249254,187654,6,B,729851,20230322093106
600519,2023-03-22 09:31:09.700,1787.98,100,178798.0,557549,564604,188006,6,S,730741,20230322093109
600519,2023-03-22 09:31:09.800,1788.0,100,178800.0,564790,251704,188148,6,B,731055,20230322093109
600519,2023-03-22 09:31:09.800,1788.0,100,178800.0,564790,267462,188149,6,B,731056,20230322093109
600519,2023-03-22 09:31:09.800,1788.0,100,178800.0,564790,316734,188150,6,B,731057,20230322093109
600519,2023-03-22 09:31:09.870,1787.99,100,178799.0,565021,564816,188287,6,B,731397,20230322093109
600519,2023-03-22 09:31:09.890,1788.0,100,178800.0,565107,316734,188340,6,B,731526,20230322093109
600519,2023-03-22 09:31:09.890,1788.0,200,357600.0,565113,344989,188343,6,B,731535,20230322093109
600519,2023-03-22 09:31:09.890,1788.0,100,178800.0,565113,376269,188344,6,B,731536,20230322093109
600519,2023-03-22 09:31:09.890,1788.0,100,178800.0,565113,390527,188345,6,B,731537,20230322093109
600519,2023-03-22 09:31:09.890,1788.0,100,178800.0,565113,403177,188346,6,B,731538,20230322093109
600519,2023-03-22 09:31:09.890,1788.0,100,178800.0,565114,470388,188347,6,B,731539,20230322093109
600519,2023-03-22 09:31:09.890,1788.0,200,357600.0,565114,503363,188348,6,B,731540,20230322093109
600519,2023-03-22 09:31:09.950,1788.0,100,178800.0,565237,504121,188434,6,B,731719,20230322093109
600519,2023-03-22 09:31:09.950,1788.0,100,178800.0,565237,505790,188435,6,B,731720,20230322093109
600519,2023-03-22 09:31:09.960,1787.99,100,178799.0,565021,565273,188443,6,S,731765,20230322093109
600519,2023-03-22 09:31:09.960,1787.99,100,178799.0,565025,565294,188457,6,S,731797,20230322093109
600519,2023-03-22 09:31:10.180,1788.0,100,178800.0,565807,505790,188809,6,B,732604,20230322093109
600519,2023-03-22 09:31:10.210,1787.99,100,178799.0,565032,565934,188893,6,S,732812,20230322093109
600519,2023-03-22 09:31:10.410,1788.0,200,357600.0,566404,505790,189231,6,B,733585,20230322093109
600519,2023-03-22 09:31:10.410,1788.0,100,178800.0,566404,513698,189232,6,B,733586,20230322093109
600519,2023-03-22 09:31:10.410,1787.99,100,178799.0,565034,566411,189240,6,S,733601,20230322093109
600519,2023-03-22 09:31:10.410,1788.0,100,178800.0,566419,518330,189242,6,B,733610,20230322093109
600519,2023-03-22 09:31:10.480,1788.0,100,178800.0,566586,518689,189322,6,B,733842,20230322093109
600519,2023-03-22 09:31:10.560,1788.0,100,178800.0,566796,550891,189459,6,B,734195,20230322093109
600519,2023-03-22 09:31:10.580,1787.99,100,178799.0,565034,566828,189494,6,S,734256,20230322093109
600519,2023-03-22 09:31:10.580,1788.0,100,178800.0,566832,559159,189505,6,B,734275,20230322093109
600519,2023-03-22 09:31:10.580,1788.0,300,536400.0,566847,559159,189510,6,B,734294,20230322093109
600519,2023-03-22 09:31:10.620,1788.0,100,178800.0,566948,559159,189550,6,B,734434,20230322093109
600519,2023-03-22 09:31:10.700,1788.0,100,178800.0,567110,559159,189640,6,B,734666,20230322093109
600519,2023-03-22 09:31:10.870,1787.99,100,178799.0,565303,567577,189950,6,S,735391,20230322093109
600519,2023-03-22 09:31:10.970,1788.0,100,178800.0,567736,559159,190082,6,B,735670,20230322093109
600519,2023-03-22 09:31:11.170,1788.0,100,178800.0,568302,559159,190468,6,B,736529,20230322093109
600519,2023-03-22 09:31:11.200,1788.0,100,178800.0,568403,559159,190540,6,B,736693,20230322093109
600519,2023-03-22 09:31:11.400,1787.99,100,178799.0,565389,568924,190855,6,S,737454,20230322093109
600519,2023-03-22 09:31:11.610,1788.0,100,178800.0,569455,559159,191224,6,B,738286,20230322093109
600519,2023-03-22 09:31:11.610,1788.0,100,178800.0,569478,559159,191262,6,B,738343,20230322093109
600519,2023-03-22 09:31:11.930,1787.99,100,178799.0,565588,570334,191861,6,S,739640,20230322093109
600519,2023-03-22 09:31:11.930,1788.26,100,178826.0,570337,340718,191863,6,B,739644,20230322093109
600519,2023-03-22 09:31:12.090,1788.26,100,178826.0,570575,570761,192101,6,S,740254,20230322093109
600519,2023-03-22 09:31:12.250,1788.5,100,178850.0,571226,183,192412,6,B,740966,20230322093109
600519,2023-03-22 09:31:12.250,1788.5,100,178850.0,571226,519976,192413,6,B,740967,20230322093109
600519,2023-03-22 09:31:12.250,1788.5,100,178850.0,571226,549134,192414,6,B,740968,20230322093109
600519,2023-03-22 09:31:12.360,1788.0,100,178800.0,571337,571517,192624,6,S,741435,20230322093109
600519,2023-03-22 09:31:12.640,1788.0,100,178800.0,571337,572314,193155,6,S,742664,20230322093112
600519,2023-03-22 09:31:12.840,1788.58,100,178858.0,572801,372226,193444,6,B,743408,20230322093112
600519,2023-03-22 09:31:13.020,1788.88,100,178888.0,573207,217002,193688,6,B,744051,20230322093112
600519,2023-03-22 09:31:13.020,1788.88,100,178888.0,573207,261887,193689,6,B,744052,20230322093112
600519,2023-03-22 09:31:13.020,1788.88,100,178888.0,573207,298514,193690,6,B,744053,20230322093112
600519,2023-03-22 09:31:13.020,1788.88,100,178888.0,573207,305091,193691,6,B,744054,20230322093112
600519,2023-03-22 09:31:13.020,1788.88,100,178888.0,573207,525403,193692,6,B,744055,20230322093112
600519,2023-03-22 09:31:13.020,1788.89,100,178889.0,573207,328913,193693,6,B,744056,20230322093112
600519,2023-03-22 09:31:13.020,1788.89,100,178889.0,573207,443151,193694,6,B,744057,20230322093112
600519,2023-03-22 09:31:13.020,1788.93,100,178893.0,573211,514189,193697,6,B,744061,20230322093112
600519,2023-03-22 09:31:13.190,1788.97,100,178897.0,573599,310387,193898,6,B,744629,20230322093112
600519,2023-03-22 09:31:13.260,1788.61,100,178861.0,573111,573793,193987,6,S,744918,20230322093112
600519,2023-03-22 09:31:13.400,1788.58,100,178858.0,572814,574079,194207,6,S,745410,20230322093112
600519,2023-03-22 09:31:14.560,1788.61,100,178861.0,574813,576909,195930,6,S,749712,20230322093112
600519,2023-03-22 09:31:14.890,1788.63,100,178863.0,577036,577723,196446,6,S,750932,20230322093112
600519,2023-03-22 09:31:15.060,1789.0,100,178900.0,578150,51576,196646,6,B,751507,20230322093112
600519,2023-03-22 09:31:15.070,1788.58,100,178858.0,573172,578234,196708,6,S,751634,20230322093112
600519,2023-03-22 09:31:15.090,1788.58,100,178858.0,573190,578289,196731,6,S,751702,20230322093112
600519,2023-03-22 09:31:15.110,1788.58,100,178858.0,573421,578337,196755,6,S,751789,20230322093112
600519,2023-03-22 09:31:15.370,1788.58,100,178858.0,574248,579028,197173,6,S,752873,20230322093112
600519,2023-03-22 09:31:15.410,1788.61,100,178861.0,579144,579151,197239,6,S,753032,20230322093112
600519,2023-03-22 09:31:15.830,1788.63,100,178863.0,579890,580091,197788,6,S,754516,20230322093115
600519,2023-03-22 09:31:15.880,1789.0,100,178900.0,580184,114138,197840,6,B,754657,20230322093115
600519,2023-03-22 09:31:15.970,1789.0,100,178900.0,580331,125594,197922,6,B,754882,20230322093115
600519,2023-03-22 09:31:15.970,1789.0,100,178900.0,580331,148840,197923,6,B,754883,20230322093115
600519,2023-03-22 09:31:15.970,1789.0,100,178900.0,580331,174086,197924,6,B,754884,20230322093115
600519,2023-03-22 09:31:15.990,1789.0,100,178900.0,580378,174086,197956,6,B,754954,20230322093115
600519,2023-03-22 09:31:15.990,1789.0,100,178900.0,580378,195958,197957,6,B,754955,20230322093115
600519,2023-03-22 09:31:16.010,1789.0,100,178900.0,580457,195958,198008,6,B,755091,20230322093115
600519,2023-03-22 09:31:16.070,1789.0,100,178900.0,580550,237950,198057,6,B,755221,20230322093115
600519,2023-03-22 09:31:16.110,1789.0,100,178900.0,580639,278559,198100,6,B,755353,20230322093115
600519,2023-03-22 09:31:16.170,1788.67,100,178867.0,580318,580772,198177,6,S,755548,20230322093115
600519,2023-03-22 09:31:16.320,1789.0,100,178900.0,581084,313675,198441,6,B,756094,20230322093115
600519,2023-03-22 09:31:16.380,1788.63,100,178863.0,580201,581227,198542,6,S,756333,20230322093115
600519,2023-03-22 09:31:16.470,1788.93,100,178893.0,581499,581116,198666,6,B,756689,20230322093115
600519,2023-03-22 09:31:16.470,1789.0,100,178900.0,581499,377420,198667,6,B,756690,20230322093115
600519,2023-03-22 09:31:16.470,1789.0,100,178900.0,581499,393642,198668,6,B,756691,20230322093115
600519,2023-03-22 09:31:16.470,1789.0,100,178900.0,581499,414730,198669,6,B,756692,20230322093115
600519,2023-03-22 09:31:16.470,1789.0,100,178900.0,581499,423598,198670,6,B,756693,20230322093115
600519,2023-03-22 09:31:16.470,1789.0,100,178900.0,581499,458214,198671,6,B,756694,20230322093115
600519,2023-03-22 09:31:16.590,1789.01,100,178901.0,581796,478327,198877,6,B,757151,20230322093115
600519,2023-03-22 09:31:16.800,1789.2,100,178920.0,582257,206931,199181,6,B,757882,20230322093115
600519,2023-03-22 09:31:16.800,1789.49,100,178949.0,582257,564851,199182,6,B,757883,20230322093115
600519,2023-03-22 09:31:16.800,1789.49,200,357898.0,582257,573083,199183,6,B,757884,20230322093115
600519,2023-03-22 09:31:16.800,1789.49,100,178949.0,582257,573427,199184,6,B,757885,20230322093115
600519,2023-03-22 09:31:16.910,1789.01,100,178901.0,582041,582500,199319,6,S,758250,20230322093115
600519,2023-03-22 09:31:17.000,1789.2,100,178920.0,582776,582430,199498,6,B,758687,20230322093115
600519,2023-03-22 09:31:17.220,1789.49,100,178949.0,583316,573427,199830,6,B,759505,20230322093115
600519,2023-03-22 09:31:18.040,1789.57,100,178957.0,585044,180234,200902,6,B,762206,20230322093115
600519,2023-03-22 09:31:18.040,1789.57,100,178957.0,585046,573087,200903,6,B,762208,20230322093115
600519,2023-03-22 09:31:18.910,1789.8,100,178980.0,587142,194397,202270,6,B,765483,20230322093118
600519,2023-03-22 09:31:18.960,1789.79,100,178979.0,587218,587149,202319,6,B,765609,20230322093118
600519,2023-03-22 09:31:18.960,1789.8,100,178980.0,587218,305220,202320,6,B,765610,20230322093118
600519,2023-03-22 09:31:18.970,1789.8,200,357960.0,587252,305220,202330,6,B,765659,20230322093118
600519,2023-03-22 09:31:18.970,1789.03,100,178903.0,583415,587253,202331,6,S,765660,20230322093118
600519,2023-03-22 09:31:18.970,1789.03,100,178903.0,583415,587265,202345,6,S,765682,20230322093118
600519,2023-03-22 09:31:19.050,1789.8,100,178980.0,587411,305220,202411,6,B,765908,20230322093118
600519,2023-03-22 09:31:19.050,1789.8,100,178980.0,587411,587132,202412,6,B,765909,20230322093118
600519,2023-03-22 09:31:19.320,1789.89,100,178989.0,588107,276667,202781,6,B,766907,20230322093118
600519,2023-03-22 09:31:19.320,1789.89,100,178989.0,588107,335387,202782,6,B,766908,20230322093118
600519,2023-03-22 09:31:19.370,1789.81,100,178981.0,587544,588251,202892,6,S,767216,20230322093118
600519,2023-03-22 09:31:19.460,1789.89,200,357978.0,588386,335387,202964,6,B,767471,20230322093118
600519,2023-03-22 09:31:19.460,1789.89,100,178989.0,588386,402242,202965,6,B,767472,20230322093118
600519,2023-03-22 09:31:19.460,1789.81,100,178981.0,587544,588400,202973,6,S,767501,20230322093118
600519,2023-03-22 09:31:19.750,1789.89,100,178989.0,588957,402242,203330,6,B,768372,20230322093118
600519,2023-03-22 09:31:19.750,1789.89,200,357978.0,588957,443749,203331,6,B,768373,20230322093118
600519,2023-03-22 09:31:19.860,1789.81,100,178981.0,587544,589164,203466,6,S,768688,20230322093118
600519,2023-03-22 09:31:20.190,1789.81,100,178981.0,587544,589828,203831,6,S,769695,20230322093118
600519,2023-03-22 09:31:20.730,1789.85,100,178985.0,590762,591038,204654,6,S,771637,20230322093118
600519,2023-03-22 09:31:21.750,1789.81,100,178981.0,590008,593227,206048,6,S,774938,20230322093121
600519,2023-03-22 09:31:22.010,1789.9,100,178990.0,593735,72080,206450,6,B,775762,20230322093121
600519,2023-03-22 09:31:22.030,1789.9,100,178990.0,593789,191139,206491,6,B,775847,20230322093121
600519,2023-03-22 09:31:22.030,1789.9,100,178990.0,593789,207759,206492,6,B,775848,20230322093121
600519,2023-03-22 09:31:22.030,1789.81,100,178981.0,590008,593794,206495,6,S,775854,20230322093121
600519,2023-03-22 09:31:22.100,1789.9,500,894950.0,593941,207759,206571,6,B,776061,20230322093121
600519,2023-03-22 09:31:22.100,1789.9,100,178990.0,593941,229893,206572,6,B,776062,20230322093121
600519,2023-03-22 09:31:23.130,1789.93,100,178993.0,596061,596072,208116,6,S,779511,20230322093121
600519,2023-03-22 09:31:23.270,1789.91,100,178991.0,593959,596368,208304,6,S,779986,20230322093121
600519,2023-03-22 09:31:23.430,1789.91,100,178991.0,596472,596665,208475,6,S,780435,20230322093121
600519,2023-03-22 09:31:24.010,1789.95,100,178995.0,597929,574874,209267,6,B,782313,20230322093121
600519,2023-03-22 09:31:24.890,1789.97,100,178997.0,599917,221336,210339,6,B,785257,20230322093124
600519,2023-03-22 09:31:25.060,1789.97,100,178997.0,600227,221336,210539,6,B,785759,20230322093124
600519,2023-03-22 09:31:25.060,1789.97,400,715988.0,600227,580289,210540,6,B,785760,20230322093124
600519,2023-03-22 09:31:25.470,1789.97,100,178997.0,600259,601104,210995,6,S,787039,20230322093124
600519,2023-03-22 09:31:26.170,1789.97,100,178997.0,600259,602506,211719,6,S,789066,20230322093124
600519,2023-03-22 09:31:27.310,1789.97,100,178997.0,600259,604702,213060,6,S,792454,20230322093124
600519,2023-03-22 09:31:27.420,1789.98,100,178998.0,605001,179741,213234,6,B,792933,20230322093124
600519,2023-03-22 09:31:27.460,1789.97,200,357994.0,600259,605102,213281,6,S,793075,20230322093124
600519,2023-03-22 09:31:27.520,1789.98,100,178998.0,605206,179741,213325,6,B,793242,20230322093124
600519,2023-03-22 09:31:27.630,1789.98,300,536994.0,605485,179741,213491,6,B,793635,20230322093127
600519,2023-03-22 09:31:27.630,1789.98,100,178998.0,605485,592552,213492,6,B,793636,20230322093127
600519,2023-03-22 09:31:27.780,1789.98,100,178998.0,605485,605766,213603,6,S,794043,20230322093127
600519,2023-03-22 09:31:27.880,1789.99,100,178999.0,605991,87832,213724,6,B,794374,20230322093127
600519,2023-03-22 09:31:27.880,1789.99,100,178999.0,605991,183149,213725,6,B,794375,20230322093127
600519,2023-03-22 09:31:27.880,1789.99,100,178999.0,605991,319819,213726,6,B,794376,20230322093127
600519,2023-03-22 09:31:27.880,1789.99,100,178999.0,605991,338431,213727,6,B,794377,20230322093127
600519,2023-03-22 09:31:28.080,1789.99,100,178999.0,606371,341367,214032,6,B,794981,20230322093127
600519,2023-03-22 09:31:28.080,1789.99,100,178999.0,606371,445806,214033,6,B,794982,20230322093127
600519,2023-03-22 09:31:28.230,1789.99,10,17899.9,606700,528740,214350,6,B,795593,20230322093127
600519,2023-03-22 09:31:28.230,1789.99,90,161099.1,606700,599351,214351,6,B,795594,20230322093127
600519,2023-03-22 09:31:28.350,1789.98,100,178998.0,605485,607012,214544,6,S,796063,20230322093127
600519,2023-03-22 09:31:28.430,1789.99,10,17899.9,607180,599351,214628,6,B,796296,20230322093127
600519,2023-03-22 09:31:28.430,1789.99,100,178999.0,607180,600283,214629,6,B,796297,20230322093127
600519,2023-03-22 09:31:28.430,1790.0,100,179000.0,607180,61208,214630,6,B,796298,20230322093127
600519,2023-03-22 09:31:28.430,1790.0,200,358000.0,607180,167099,214631,6,B,796299,20230322093127
600519,2023-03-22 09:31:28.430,1790.0,100,179000.0,607180,181796,214632,6,B,796300,20230322093127
600519,2023-03-22 09:31:28.430,1790.0,100,179000.0,607180,185077,214633,6,B,796301,20230322093127
600519,2023-03-22 09:31:28.430,1790.0,190,340100.0,607180,192160,214634,6,B,796302,20230322093127
600519,2023-03-22 09:31:28.600,1790.0,10,17900.0,607532,192160,214836,6,B,796814,20230322093127
600519,2023-03-22 09:31:28.600,1790.0,90,161100.0,607532,225658,214837,6,B,796815,20230322093127
600519,2023-03-22 09:31:28.700,1790.0,10,17900.0,607738,225658,214950,6,B,797106,20230322093127
600519,2023-03-22 09:31:28.700,1790.0,90,161100.0,607738,294570,214951,6,B,797107,20230322093127
600519,2023-03-22 09:31:28.950,1790.0,10,17900.0,608212,294570,215320,6,B,797900,20230322093127
600519,2023-03-22 09:31:28.950,1790.0,90,161100.0,608212,303443,215321,6,B,797901,20230322093127
600519,2023-03-22 09:31:29.050,1789.99,100,178999.0,607267,608482,215471,6,S,798281,20230322093127
600519,2023-03-22 09:31:29.270,1789.99,100,178999.0,608871,608676,215721,6,B,798865,20230322093127
600519,2023-03-22 09:31:29.270,1790.0,10,17900.0,608871,303443,215722,6,B,798866,20230322093127
600519,2023-03-22 09:31:29.270,1790.0,100,179000.0,608871,317368,215723,6,B,798867,20230322093127
600519,2023-03-22 09:31:29.270,1790.0,90,161100.0,608871,347491,215724,6,B,798868,20230322093127
600519,2023-03-22 09:31:29.870,1789.98,100,178998.0,606010,610167,216481,6,S,800763,20230322093127
600519,2023-03-22 09:31:30.020,1790.0,10,17900.0,610462,347491,216659,6,B,801173,20230322093127
600519,2023-03-22 09:31:30.020,1790.0,100,179000.0,610462,357800,216660,6,B,801174,20230322093127
600519,2023-03-22 09:31:30.020,1790.0,100,179000.0,610462,388626,216661,6,B,801175,20230322093127
600519,2023-03-22 09:31:30.020,1790.0,100,179000.0,610462,495763,216662,6,B,801176,20230322093127
600519,2023-03-22 09:31:30.020,1790.0,90,161100.0,610462,519179,216663,6,B,801177,20230322093127
600519,2023-03-22 09:31:30.020,1790.0,210,375900.0,610463,519179,216664,6,B,801178,20230322093127
600519,2023-03-22 09:31:30.020,1790.0,100,179000.0,610463,545476,216665,6,B,801179,20230322093127
600519,2023-03-22 09:31:30.020,1790.0,100,179000.0,610463,572620,216666,6,B,801180,20230322093127
600519,2023-03-22 09:31:30.020,1790.0,90,161100.0,610463,606917,216667,6,B,801181,20230322093127
600519,2023-03-22 09:31:30.060,1789.98,100,178998.0,606086,610616,216740,6,S,801387,20230322093127
600519,2023-03-22 09:31:30.180,1789.98,100,178998.0,606086,610900,216923,6,S,801807,20230322093127
600519,2023-03-22 09:31:30.180,1789.97,200,357994.0,604371,610900,216924,6,S,801808,20230322093127
600519,2023-03-22 09:31:30.460,1790.0,10,17900.0,611562,606917,217284,6,B,802742,20230322093127
600519,2023-03-22 09:31:30.530,1790.0,90,161100.0,611562,611735,217370,6,S,803022,20230322093127
600519,2023-03-22 09:31:30.530,1789.97,10,17899.7,604371,611735,217371,6,S,803023,20230322093127
600519,2023-03-22 09:31:31.120,1791.91,100,179191.0,612963,121511,218094,6,B,804816,20230322093130
600519,2023-03-22 09:31:31.520,1791.91,100,179191.0,613960,587267,218722,6,B,806253,20230322093130
600519,2023-03-22 09:31:33.060,1791.91,100,179191.0,617082,587267,220569,6,B,810906,20230322093130
600519,2023-03-22 09:31:34.000,1791.91,100,179191.0,618951,587267,221700,6,B,813769,20230322093133
600519,2023-03-22 09:31:34.150,1790.23,100,179023.0,612641,619244,221868,6,S,814198,20230322093133
600519,2023-03-22 09:31:34.490,1790.23,100,179023.0,618856,619955,222383,6,S,815304,20230322093133
600519,2023-03-22 09:31:34.740,1791.91,100,179191.0,620447,587567,222656,6,B,816024,20230322093133
600519,2023-03-22 09:31:35.330,1790.23,100,179023.0,618966,621595,223404,6,S,817763,20230322093133
600519,2023-03-22 09:31:35.390,1791.91,100,179191.0,621752,587567,223508,6,B,818011,20230322093133
600519,2023-03-22 09:31:35.490,1790.04,100,179004.0,612006,621971,223645,6,S,818334,20230322093133
600519,2023-03-22 09:31:35.800,1790.04,100,179004.0,612794,622610,224025,6,S,819232,20230322093133
600519,2023-03-22 09:31:35.800,1790.04,200,358008.0,617311,622610,224026,6,S,819233,20230322093133
600519,2023-03-22 09:31:35.800,1790.03,100,179003.0,613569,622610,224027,6,S,819234,20230322093133
600519,2023-03-22 09:31:35.800,1790.0,100,179000.0,616828,622610,224028,6,S,819235,20230322093133
600519,2023-03-22 09:31:35.800,1790.0,100,179000.0,622539,622610,224029,6,S,819236,20230322093133
600519,2023-03-22 09:31:35.800,1789.99,200,357998.0,613419,622610,224030,6,S,819237,20230322093133
600519,2023-03-22 09:31:36.080,1791.89,100,179189.0,623167,622836,224406,6,B,820087,20230322093133
600519,2023-03-22 09:31:36.180,1791.91,100,179191.0,623410,587567,224562,6,B,820521,20230322093133
600519,2023-03-22 09:31:36.870,1791.91,100,179191.0,623558,624911,225447,6,S,822793,20230322093136
600519,2023-03-22 09:31:36.970,1791.91,100,179191.0,625004,625141,225541,6,S,823101,20230322093136
600519,2023-03-22 09:31:36.970,1792.0,100,179200.0,625156,21222,225550,6,B,823127,20230322093136
600519,2023-03-22 09:31:37.090,1792.0,100,179200.0,625404,123540,225688,6,B,823477,20230322093136
600519,2023-03-22 09:31:37.830,1791.0,100,179100.0,623477,626890,226690,6,S,825800,20230322093136
600519,2023-03-22 09:31:38.230,1792.0,100,179200.0,627606,129318,227173,6,B,826900,20230322093136
600519,2023-03-22 09:31:38.230,1792.0,100,179200.0,627606,289028,227174,6,B,826901,20230322093136
600519,2023-03-22 09:31:38.250,1791.91,100,179191.0,626942,627638,227218,6,S,826965,20230322093136
600519,2023-03-22 09:31:38.250,1791.91,100,179191.0,627570,627638,227219,6,S,826966,20230322093136
600519,2023-03-22 09:31:38.640,1791.9,100,179190.0,628385,627638,227647,6,B,828050,20230322093136
600519,2023-03-22 09:31:39.060,1791.9,100,179190.0,629142,627638,228189,6,B,829279,20230322093136
600519,2023-03-22 09:31:39.250,1791.9,100,179190.0,629529,627638,228372,6,B,829836,20230322093136
600519,2023-03-22 09:31:39.320,1791.9,100,179190.0,629671,627638,228448,6,B,830049,20230322093136
600519,2023-03-22 09:31:39.460,1791.9,300,537570.0,629943,627638,228566,6,B,830426,20230322093136
600519,2023-03-22 09:31:40.030,1791.91,200,358382.0,629943,631091,229271,6,S,832078,20230322093139
600519,2023-03-22 09:31:40.030,1791.91,100,179191.0,630864,631091,229272,6,S,832079,20230322093139
600519,2023-03-22 09:31:40.110,1791.8,100,179180.0,631237,631091,229358,6,B,832294,20230322093139
600519,2023-03-22 09:31:40.240,1791.8,100,179180.0,631519,631091,229559,6,B,832731,20230322093139
600519,2023-03-22 09:31:40.560,1791.91,100,179191.0,631519,632197,229946,6,S,833673,20230322093139
600519,2023-03-22 09:31:40.560,1791.91,100,179191.0,632174,632199,229947,6,S,833675,20230322093139
600519,2023-03-22 09:31:40.560,1791.0,100,179100.0,627633,632209,229956,6,S,833694,20230322093139
600519,2023-03-22 09:31:40.720,1792.0,100,179200.0,632510,580278,230111,6,B,834116,20230322093139
600519,2023-03-22 09:31:40.750,1791.91,100,179191.0,632435,632578,230147,6,S,834213,20230322093139
600519,2023-03-22 09:31:41.610,1792.0,100,179200.0,634312,587269,231246,6,B,836877,20230322093139
600519,2023-03-22 09:31:41.850,1792.0,200,358400.0,634780,587269,231473,6,B,837554,20230322093139
600519,2023-03-22 09:31:41.850,1792.0,100,179200.0,634780,626396,231474,6,B,837555,20230322093139
600519,2023-03-22 09:31:42.010,1792.0,100,179200.0,635043,630813,231666,6,B,837976,20230322093139
600519,2023-03-22 09:31:42.010,1792.0,100,179200.0,635043,635070,231674,6,S,838008,20230322093139
600519,2023-03-22 09:31:42.080,1792.01,100,179201.0,635203,594095,231762,6,B,838193,20230322093139
600519,2023-03-22 09:31:42.080,1792.0,100,179200.0,635044,635221,231769,6,S,838212,20230322093139
600519,2023-03-22 09:31:42.200,1792.0,100,179200.0,635044,635418,231883,6,S,838492,20230322093139
600519,2023-03-22 09:31:42.660,1792.0,100,179200.0,635155,636372,232449,6,S,839894,20230322093142
600519,2023-03-22 09:31:42.660,1792.0,100,179200.0,635595,636372,232450,6,S,839895,20230322093142
600519,2023-03-22 09:31:42.890,1792.18,100,179218.0,636833,503862,232773,6,B,840678,20230322093142
600519,2023-03-22 09:31:42.890,1792.03,100,179203.0,636531,636842,232782,6,S,840692,20230322093142
600519,2023-03-22 09:31:43.180,1792.21,100,179221.0,637002,637378,233106,6,S,841552,20230322093142
600519,2023-03-22 09:31:43.700,1792.18,100,179218.0,636929,638291,233737,6,S,843024,20230322093142
600519,2023-03-22 09:31:45.030,1792.03,100,179203.0,636855,640670,235187,6,S,846672,20230322093142
600519,2023-03-22 09:31:45.160,1792.0,100,179200.0,636296,640993,235391,6,S,847148,20230322093142
600519,2023-03-22 09:31:46.520,1792.18,100,179218.0,643314,643885,237183,6,S,851557,20230322093145
600519,2023-03-22 09:31:48.520,1792.18,100,179218.0,646084,647756,239488,6,S,857360,20230322093145
600519,2023-03-22 09:31:48.880,1792.74,100,179274.0,648546,178027,240003,6,B,858626,20230322093148
600519,2023-03-22 09:31:48.940,1792.74,100,179274.0,648569,648659,240074,6,S,858794,20230322093148
600519,2023-03-22 09:31:48.940,1792.18,100,179218.0,647957,648661,240075,6,S,858796,20230322093148
600519,2023-03-22 09:31:49.170,1792.18,100,179218.0,647957,649112,240366,6,S,859486,20230322093148
600519,2023-03-22 09:31:49.170,1792.18,100,179218.0,648577,649112,240367,6,S,859487,20230322093148
600519,2023-03-22 09:31:49.190,1792.74,100,179274.0,649179,648962,240416,6,B,859587,20230322093148
600519,2023-03-22 09:31:49.830,1792.74,100,179274.0,650491,648964,241149,6,B,861444,20230322093148
600519,2023-03-22 09:31:50.030,1792.09,100,179209.0,645374,650950,241360,6,S,862064,20230322093148
600519,2023-03-22 09:31:50.870,1792.18,100,179218.0,652759,651724,242305,6,B,864693,20230322093148
600519,2023-03-22 09:31:52.090,1792.18,100,179218.0,652993,655228,243744,6,S,868450,20230322093151
600519,2023-03-22 09:31:54.070,1792.74,100,179274.0,656063,659215,246218,6,S,874356,20230322093151
600519,2023-03-22 09:31:54.290,1792.18,100,179218.0,653064,659600,246502,6,S,875029,20230322093151
600519,2023-03-22 09:31:54.400,1792.18,100,179218.0,654885,659833,246641,6,S,875382,20230322093151
600519,2023-03-22 09:31:54.850,1792.0,100,179200.0,636296,660739,247269,6,S,876889,20230322093154
600519,2023-03-22 09:31:54.850,1792.0,100,179200.0,636296,660740,247270,6,S,876890,20230322093154
600519,2023-03-22 09:31:54.850,1792.0,100,179200.0,636296,660741,247271,6,S,876891,20230322093154
600519,2023-03-22 09:31:54.850,1792.0,100,179200.0,636296,660744,247272,6,S,876894,20230322093154
600519,2023-03-22 09:31:54.850,1792.0,100,179200.0,639043,660752,247273,6,S,876902,20230322093154
600519,2023-03-22 09:31:54.850,1792.0,100,179200.0,639064,660754,247274,6,S,876906,20230322093154
600519,2023-03-22 09:31:54.850,1792.0,100,179200.0,642585,660755,247275,6,S,876907,20230322093154
600519,2023-03-22 09:31:54.850,1792.0,100,179200.0,642585,660759,247278,6,S,876911,20230322093154
600519,2023-03-22 09:31:54.850,1792.0,100,179200.0,642635,660761,247279,6,S,876913,20230322093154
600519,2023-03-22 09:31:54.870,1792.0,100,179200.0,644680,660809,247309,6,S,876982,20230322093154
600519,2023-03-22 09:31:54.870,1792.0,100,179200.0,644680,660810,247310,6,S,876983,20230322093154
600519,2023-03-22 09:31:54.870,1792.0,100,179200.0,644680,660812,247311,6,S,876985,20230322093154
600519,2023-03-22 09:31:54.870,1792.0,100,179200.0,645308,660813,247312,6,S,876986,20230322093154
600519,2023-03-22 09:31:54.870,1792.0,100,179200.0,646472,660815,247313,6,S,876988,20230322093154
600519,2023-03-22 09:31:54.870,1792.0,100,179200.0,648502,660819,247315,6,S,876992,20230322093154
600519,2023-03-22 09:31:54.950,1791.91,200,358382.0,635063,660979,247398,6,S,877228,20230322093154
600519,2023-03-22 09:31:54.950,1791.9,100,179190.0,648925,660979,247399,6,S,877229,20230322093154
600519,2023-03-22 09:31:54.970,1792.0,100,179200.0,661014,660833,247409,6,B,877278,20230322093154
600519,2023-03-22 09:31:54.970,1792.0,100,179200.0,661014,660849,247410,6,B,877279,20230322093154
600519,2023-03-22 09:31:55.090,1791.91,100,179191.0,661294,661193,247571,6,B,877684,20230322093154
600519,2023-03-22 09:31:55.600,1791.0,100,179100.0,627633,662206,248093,6,S,879082,20230322093154
600519,2023-03-22 09:31:56.590,1791.91,100,179191.0,664134,661193,249440,6,B,882099,20230322093154
600519,2023-03-22 09:31:56.590,1791.91,100,179191.0,664134,661514,249441,6,B,882100,20230322093154
600519,2023-03-22 09:31:56.590,1792.0,100,179200.0,664134,660897,249442,6,B,882101,20230322093154
600519,2023-03-22 09:31:56.590,1792.0,100,179200.0,664134,660973,249443,6,B,882102,20230322093154
600519,2023-03-22 09:31:56.820,1791.91,100,179191.0,664575,664242,249681,6,B,882708,20230322093154
600519,2023-03-22 09:31:57.310,1791.0,100,179100.0,627633,665503,250251,6,S,884104,20230322093154
600519,2023-03-22 09:31:57.440,1792.0,100,179200.0,665755,661037,250365,6,B,884459,20230322093154
600519,2023-03-22 09:31:57.650,1792.0,100,179200.0,666133,661037,250591,6,B,885024,20230322093157
600519,2023-03-22 09:31:57.960,1792.0,100,179200.0,666810,661037,251084,6,B,886118,20230322093157
600519,2023-03-22 09:31:57.960,1792.0,100,179200.0,666811,661137,251085,6,B,886119,20230322093157
600519,2023-03-22 09:31:57.980,1792.0,100,179200.0,666842,661192,251092,6,B,886157,20230322093157
600519,2023-03-22 09:31:58.020,1792.0,100,179200.0,666891,663334,251114,6,B,886225,20230322093157
600519,2023-03-22 09:31:58.830,1792.0,100,179200.0,668389,667391,252105,6,B,888500,20230322093157
600519,2023-03-22 09:31:58.830,1792.0,100,179200.0,668389,667419,252106,6,B,888501,20230322093157
600519,2023-03-22 09:31:59.550,1791.98,100,179198.0,669766,669398,252906,6,B,890553,20230322093157
600519,2023-03-22 09:32:00.670,1792.0,100,179200.0,672254,667486,254460,6,B,894291,20230322093200
600519,2023-03-22 09:32:00.830,1792.0,100,179200.0,672660,667856,254743,6,B,894949,20230322093200
600519,2023-03-22 09:32:00.830,1792.0,100,179200.0,672660,669348,254744,6,B,894950,20230322093200
600519,2023-03-22 09:32:01.280,1791.94,100,179194.0,673660,673197,255452,6,B,896537,20230322093200
600519,2023-03-22 09:32:01.310,1791.0,100,179100.0,627633,673756,255490,6,S,896664,20230322093200
600519,2023-03-22 09:32:01.450,1791.0,100,179100.0,627633,674023,255661,6,S,897098,20230322093200
600519,2023-03-22 09:32:01.540,1792.0,100,179200.0,674196,669348,255761,6,B,897348,20230322093200
600519,2023-03-22 09:32:02.090,1792.0,100,179200.0,675606,669784,256620,6,B,899389,20230322093200
600519,2023-03-22 09:32:02.540,1792.0,100,179200.0,676765,671197,257300,6,B,901053,20230322093200
600519,2023-03-22 09:32:02.680,1792.0,100,179200.0,677147,672212,257564,6,B,901659,20230322093200
600519,2023-03-22 09:32:03.150,1791.0,500,895500.0,627633,678264,258377,6,S,903402,20230322093200
600519,2023-03-22 09:32:03.220,1791.6,100,179160.0,678489,677591,258594,6,B,903822,20230322093200
600519,2023-03-22 09:32:03.510,1791.0,100,179100.0,627633,679198,259045,6,S,904920,20230322093200
600519,2023-03-22 09:32:03.960,1791.0,100,179100.0,627633,680224,259557,6,S,906330,20230322093203
600519,2023-03-22 09:32:04.200,1792.0,100,179200.0,680921,672374,259959,6,B,907274,20230322093203
600519,2023-03-22 09:32:04.200,1792.0,100,179200.0,680921,672419,259960,6,B,907275,20230322093203
600519,2023-03-22 09:32:04.860,1792.0,100,179200.0,682598,672684,260999,6,B,909872,20230322093203
600519,2023-03-22 09:32:05.380,1792.0,100,179200.0,684015,672896,261954,6,B,912039,20230322093203
600519,2023-03-22 09:32:05.870,1791.1,100,179110.0,680354,685231,262755,6,S,913952,20230322093203
600519,2023-03-22 09:32:05.870,1791.1,100,179110.0,680946,685231,262756,6,S,913953,20230322093203
600519,2023-03-22 09:32:06.120,1791.1,100,179110.0,680946,685757,263078,6,S,914733,20230322093203
600519,2023-03-22 09:32:06.120,1791.0,600,1074600.0,627633,685757,263079,6,S,914734,20230322093203
600519,2023-03-22 09:32:06.460,1791.0,100,179100.0,627633,686607,263658,6,S,916018,20230322093203
600519,2023-03-22 09:32:06.930,1791.99,100,179199.0,687659,686347,264318,6,B,917636,20230322093206
600519,2023-03-22 09:32:06.980,1792.0,100,179200.0,687765,672925,264407,6,B,917806,20230322093206
600519,2023-03-22 09:32:07.120,1791.98,100,179198.0,688193,688073,264650,6,B,918440,20230322093206
600519,2023-03-22 09:32:07.320,1791.99,100,179199.0,688676,688355,264965,6,B,919149,20230322093206
600519,2023-03-22 09:32:07.360,1792.0,100,179200.0,688695,673124,264974,6,B,919173,20230322093206
600519,2023-03-22 09:32:07.460,1792.0,100,179200.0,689046,674129,265151,6,B,919663,20230322093206
600519,2023-03-22 09:32:07.590,1792.0,100,179200.0,689350,674430,265356,6,B,920132,20230322093206
600519,2023-03-22 09:32:07.820,1791.0,100,179100.0,627633,689786,265691,6,S,920835,20230322093206
600519,2023-03-22 09:32:08.280,1791.0,100,179100.0,627633,690833,266442,6,S,922402,20230322093206
600519,2023-03-22 09:32:08.410,1791.0,100,179100.0,627633,691126,266628,6,S,922820,20230322093206
600519,2023-03-22 09:32:08.490,1792.0,100,179200.0,691298,674627,266720,6,B,923059,20230322093206
600519,2023-03-22 09:32:08.490,1792.0,100,179200.0,691298,675234,266721,6,B,923060,20230322093206
600519,2023-03-22 09:32:08.490,1792.0,100,179200.0,691298,677121,266722,6,B,923061,20230322093206
600519,2023-03-22 09:32:08.580,1791.0,100,179100.0,627633,691557,266892,6,S,923432,20230322093206
600519,2023-03-22 09:32:08.940,1791.0,100,179100.0,627633,692449,267425,6,S,924720,20230322093206
600519,2023-03-22 09:32:09.030,1792.0,100,179200.0,692685,679995,267603,6,B,925109,20230322093206
600519,2023-03-22 09:32:09.260,1791.0,100,179100.0,627633,693286,268028,6,S,926001,20230322093206
600519,2023-03-22 09:32:09.350,1791.0,100,179100.0,627633,693469,268135,6,S,926282,20230322093206
600519,2023-03-22 09:32:09.510,1791.0,100,179100.0,627633,693856,268352,6,S,926832,20230322093206
600519,2023-03-22 09:32:09.590,1792.0,100,179200.0,694060,680137,268498,6,B,927145,20230322093209
600519,2023-03-22 09:32:09.590,1791.0,100,179100.0,627633,694081,268505,6,S,927168,20230322093209
600519,2023-03-22 09:32:09.760,1791.0,200,358200.0,627633,694462,268730,6,S,927715,20230322093209
600519,2023-03-22 09:32:10.220,1791.0,200,358200.0,627633,695540,269422,6,S,929410,20230322093209
600519,2023-03-22 09:32:10.420,1791.99,100,179199.0,696163,694070,269766,6,B,930264,20230322093209
600519,2023-03-22 09:32:10.590,1791.99,100,179199.0,696634,694834,269991,6,B,930912,20230322093209
600519,2023-03-22 09:32:10.760,1791.99,100,179199.0,697017,695396,270292,6,B,931579,20230322093209
600519,2023-03-22 09:32:10.780,1791.0,100,179100.0,627633,697062,270325,6,S,931644,20230322093209
600519,2023-03-22 09:32:10.870,1791.98,100,179198.0,697229,697067,270442,6,B,931913,20230322093209
600519,2023-03-22 09:32:11.120,1791.0,100,179100.0,627633,697834,270837,6,S,932837,20230322093209
600519,2023-03-22 09:32:11.170,1791.99,100,179199.0,697968,695793,270893,6,B,933021,20230322093209
600519,2023-03-22 09:32:11.170,1791.99,100,179199.0,697968,696880,270894,6,B,933022,20230322093209
600519,2023-03-22 09:32:11.710,1791.0,400,716400.0,627633,699216,271577,6,S,934784,20230322093209
600519,2023-03-22 09:32:12.190,1791.96,100,179196.0,700302,699962,272287,6,B,936398,20230322093209
